%YAML 1.1
%TAG !u! tag:unity3d.com,2011:
--- !u!1 &100594
GameObject:
  m_ObjectHideFlags: 1
  m_CorrespondingSourceObject: {fileID: 0}
  m_PrefabInternal: {fileID: 100100000}
  serializedVersion: 6
  m_Component:
  - component: {fileID: 463432}
  m_Layer: 2
  m_Name: Particles
  m_TagString: Weapon
  m_Icon: {fileID: 0}
  m_NavMeshLayer: 0
  m_StaticEditorFlags: 0
  m_IsActive: 1
--- !u!1 &104256
GameObject:
  m_ObjectHideFlags: 1
  m_CorrespondingSourceObject: {fileID: 0}
  m_PrefabInternal: {fileID: 100100000}
  serializedVersion: 6
  m_Component:
  - component: {fileID: 462528}
  m_Layer: 2
  m_Name: Smoke_1
  m_TagString: Weapon
  m_Icon: {fileID: 0}
  m_NavMeshLayer: 0
  m_StaticEditorFlags: 0
  m_IsActive: 1
--- !u!1 &106698
GameObject:
  m_ObjectHideFlags: 1
  m_CorrespondingSourceObject: {fileID: 0}
  m_PrefabInternal: {fileID: 100100000}
  serializedVersion: 6
  m_Component:
  - component: {fileID: 498958}
  m_Layer: 2
  m_Name: Trail
  m_TagString: Weapon
  m_Icon: {fileID: 0}
  m_NavMeshLayer: 0
  m_StaticEditorFlags: 0
  m_IsActive: 1
--- !u!1 &108668
GameObject:
  m_ObjectHideFlags: 1
  m_CorrespondingSourceObject: {fileID: 0}
  m_PrefabInternal: {fileID: 100100000}
  serializedVersion: 6
  m_Component:
  - component: {fileID: 440520}
  m_Layer: 2
  m_Name: Fire_Glow
  m_TagString: Weapon
  m_Icon: {fileID: 0}
  m_NavMeshLayer: 0
  m_StaticEditorFlags: 0
  m_IsActive: 1
--- !u!1 &109168
GameObject:
  m_ObjectHideFlags: 0
  m_CorrespondingSourceObject: {fileID: 0}
  m_PrefabInternal: {fileID: 100100000}
  serializedVersion: 6
  m_Component:
  - component: {fileID: 485268}
  - component: {fileID: 11495594}
  - component: {fileID: 11474424}
  m_Layer: 2
  m_Name: vSniper
  m_TagString: Weapon
  m_Icon: {fileID: 2270504221434485236, guid: 0000000000000000d000000000000000, type: 0}
  m_NavMeshLayer: 0
  m_StaticEditorFlags: 0
  m_IsActive: 1
--- !u!1 &110876
GameObject:
  m_ObjectHideFlags: 1
  m_CorrespondingSourceObject: {fileID: 0}
  m_PrefabInternal: {fileID: 100100000}
  serializedVersion: 6
  m_Component:
  - component: {fileID: 441742}
  m_Layer: 2
  m_Name: leftHandIK
  m_TagString: Weapon
  m_Icon: {fileID: 0}
  m_NavMeshLayer: 0
  m_StaticEditorFlags: 0
  m_IsActive: 1
--- !u!1 &113076
GameObject:
  m_ObjectHideFlags: 1
  m_CorrespondingSourceObject: {fileID: 0}
  m_PrefabInternal: {fileID: 100100000}
  serializedVersion: 6
  m_Component:
  - component: {fileID: 472982}
  - component: {fileID: 2052192}
  - component: {fileID: 12467256}
  - component: {fileID: 9228358}
  m_Layer: 2
  m_Name: Camera
  m_TagString: Untagged
  m_Icon: {fileID: 0}
  m_NavMeshLayer: 0
  m_StaticEditorFlags: 0
  m_IsActive: 1
--- !u!1 &117604
GameObject:
  m_ObjectHideFlags: 1
  m_CorrespondingSourceObject: {fileID: 0}
  m_PrefabInternal: {fileID: 100100000}
  serializedVersion: 6
  m_Component:
  - component: {fileID: 491838}
  m_Layer: 2
  m_Name: ScopeTarget
  m_TagString: Weapon
  m_Icon: {fileID: 0}
  m_NavMeshLayer: 0
  m_StaticEditorFlags: 0
  m_IsActive: 1
--- !u!1 &120304
GameObject:
  m_ObjectHideFlags: 1
  m_CorrespondingSourceObject: {fileID: 0}
  m_PrefabInternal: {fileID: 100100000}
  serializedVersion: 6
  m_Component:
  - component: {fileID: 410514}
  m_Layer: 2
  m_Name: muzzle
  m_TagString: Weapon
  m_Icon: {fileID: 0}
  m_NavMeshLayer: 0
  m_StaticEditorFlags: 0
  m_IsActive: 1
--- !u!1 &129386
GameObject:
  m_ObjectHideFlags: 1
  m_CorrespondingSourceObject: {fileID: 0}
  m_PrefabInternal: {fileID: 100100000}
  serializedVersion: 6
  m_Component:
  - component: {fileID: 420900}
  m_Layer: 2
  m_Name: Fire_1
  m_TagString: Weapon
  m_Icon: {fileID: 0}
  m_NavMeshLayer: 0
  m_StaticEditorFlags: 0
  m_IsActive: 1
--- !u!1 &135670
GameObject:
  m_ObjectHideFlags: 1
  m_CorrespondingSourceObject: {fileID: 0}
  m_PrefabInternal: {fileID: 100100000}
  serializedVersion: 6
  m_Component:
  - component: {fileID: 454816}
  m_Layer: 2
  m_Name: Fire_5
  m_TagString: Weapon
  m_Icon: {fileID: 0}
  m_NavMeshLayer: 0
  m_StaticEditorFlags: 0
  m_IsActive: 1
--- !u!1 &148346
GameObject:
  m_ObjectHideFlags: 1
  m_CorrespondingSourceObject: {fileID: 0}
  m_PrefabInternal: {fileID: 100100000}
  serializedVersion: 6
  m_Component:
  - component: {fileID: 481702}
  - component: {fileID: 8214306}
  m_Layer: 2
  m_Name: AudioSource
  m_TagString: Weapon
  m_Icon: {fileID: 0}
  m_NavMeshLayer: 0
  m_StaticEditorFlags: 0
  m_IsActive: 1
--- !u!1 &161936
GameObject:
  m_ObjectHideFlags: 1
  m_CorrespondingSourceObject: {fileID: 0}
  m_PrefabInternal: {fileID: 100100000}
  serializedVersion: 6
  m_Component:
  - component: {fileID: 409470}
  - component: {fileID: 6500494}
  - component: {fileID: 11458024}
  m_Layer: 2
  m_Name: hitbox
  m_TagString: Weapon
  m_Icon: {fileID: 0}
  m_NavMeshLayer: 0
  m_StaticEditorFlags: 0
  m_IsActive: 1
--- !u!1 &167178
GameObject:
  m_ObjectHideFlags: 1
  m_CorrespondingSourceObject: {fileID: 0}
  m_PrefabInternal: {fileID: 100100000}
  serializedVersion: 6
  m_Component:
  - component: {fileID: 434150}
  m_Layer: 2
  m_Name: Fire_2
  m_TagString: Weapon
  m_Icon: {fileID: 0}
  m_NavMeshLayer: 0
  m_StaticEditorFlags: 0
  m_IsActive: 1
--- !u!1 &178900
GameObject:
  m_ObjectHideFlags: 1
  m_CorrespondingSourceObject: {fileID: 0}
  m_PrefabInternal: {fileID: 100100000}
  serializedVersion: 6
  m_Component:
  - component: {fileID: 459724}
  m_Layer: 2
  m_Name: Fire_4
  m_TagString: Weapon
  m_Icon: {fileID: 0}
  m_NavMeshLayer: 0
  m_StaticEditorFlags: 0
  m_IsActive: 1
--- !u!1 &183932
GameObject:
  m_ObjectHideFlags: 1
  m_CorrespondingSourceObject: {fileID: 0}
  m_PrefabInternal: {fileID: 100100000}
  serializedVersion: 6
  m_Component:
  - component: {fileID: 489322}
  m_Layer: 2
  m_Name: Capsule_rif
  m_TagString: Weapon
  m_Icon: {fileID: 0}
  m_NavMeshLayer: 0
  m_StaticEditorFlags: 0
  m_IsActive: 1
--- !u!1 &187478
GameObject:
  m_ObjectHideFlags: 0
  m_CorrespondingSourceObject: {fileID: 0}
  m_PrefabInternal: {fileID: 100100000}
  serializedVersion: 6
  m_Component:
  - component: {fileID: 441924}
  - component: {fileID: 3367102}
  - component: {fileID: 2320068}
  m_Layer: 2
  m_Name: renderer
  m_TagString: Weapon
  m_Icon: {fileID: 0}
  m_NavMeshLayer: 0
  m_StaticEditorFlags: 0
  m_IsActive: 1
--- !u!1 &189104
GameObject:
  m_ObjectHideFlags: 1
  m_CorrespondingSourceObject: {fileID: 0}
  m_PrefabInternal: {fileID: 100100000}
  serializedVersion: 6
  m_Component:
  - component: {fileID: 464586}
  m_Layer: 2
  m_Name: Fire_3
  m_TagString: Weapon
  m_Icon: {fileID: 0}
  m_NavMeshLayer: 0
  m_StaticEditorFlags: 0
  m_IsActive: 1
--- !u!1 &193314
GameObject:
  m_ObjectHideFlags: 1
  m_CorrespondingSourceObject: {fileID: 0}
  m_PrefabInternal: {fileID: 100100000}
  serializedVersion: 6
  m_Component:
  - component: {fileID: 433364}
  m_Layer: 2
  m_Name: AimReference
  m_TagString: Weapon
  m_Icon: {fileID: 0}
  m_NavMeshLayer: 0
  m_StaticEditorFlags: 0
  m_IsActive: 1
--- !u!1 &197876
GameObject:
  m_ObjectHideFlags: 1
  m_CorrespondingSourceObject: {fileID: 0}
  m_PrefabInternal: {fileID: 100100000}
  serializedVersion: 6
  m_Component:
  - component: {fileID: 429066}
  - component: {fileID: 10872782}
  m_Layer: 2
  m_Name: Point light
  m_TagString: Weapon
  m_Icon: {fileID: 0}
  m_NavMeshLayer: 0
  m_StaticEditorFlags: 0
  m_IsActive: 1
--- !u!4 &409470
Transform:
  m_ObjectHideFlags: 1
  m_CorrespondingSourceObject: {fileID: 0}
  m_PrefabInternal: {fileID: 100100000}
  m_GameObject: {fileID: 161936}
  m_LocalRotation: {x: 0.000000075496956, y: -0.0000023245811, z: -0.00000040332358,
    w: 1}
  m_LocalPosition: {x: -0.009800221, y: -0.03550001, z: -0.13930002}
  m_LocalScale: {x: 0.11249996, y: 0.20000009, z: 0.67499983}
  m_Children: []
  m_Father: {fileID: 441924}
  m_RootOrder: 1
  m_LocalEulerAnglesHint: {x: 0, y: 0, z: 0}
--- !u!4 &410514
Transform:
  m_ObjectHideFlags: 1
  m_CorrespondingSourceObject: {fileID: 0}
  m_PrefabInternal: {fileID: 100100000}
  m_GameObject: {fileID: 120304}
  m_LocalRotation: {x: 0.000000075496956, y: -0.0000023245811, z: -0.00000040332358,
    w: 1}
  m_LocalPosition: {x: -0.011, y: 0.02, z: -0.231}
  m_LocalScale: {x: 1, y: 1, z: 1}
  m_Children: []
  m_Father: {fileID: 441924}
  m_RootOrder: 0
  m_LocalEulerAnglesHint: {x: 0, y: 0, z: 0}
--- !u!4 &420900
Transform:
  m_ObjectHideFlags: 1
  m_CorrespondingSourceObject: {fileID: 0}
  m_PrefabInternal: {fileID: 100100000}
  m_GameObject: {fileID: 129386}
  m_LocalRotation: {x: -2.1376323e-15, y: -1.1998388e-10, z: -0.000000048903324, w: 1}
  m_LocalPosition: {x: 0.0254, y: 0.081, z: 0.6951}
  m_LocalScale: {x: 1, y: 1, z: 1}
  m_Children: []
  m_Father: {fileID: 463432}
  m_RootOrder: 1
  m_LocalEulerAnglesHint: {x: 0, y: 0, z: 0}
--- !u!4 &429066
Transform:
  m_ObjectHideFlags: 1
  m_CorrespondingSourceObject: {fileID: 0}
  m_PrefabInternal: {fileID: 100100000}
  m_GameObject: {fileID: 197876}
  m_LocalRotation: {x: 0.47174853, y: 0.42950284, z: 0.5294634, w: 0.55915046}
  m_LocalPosition: {x: -0.000010376914, y: -0.031354398, z: 0.39755377}
  m_LocalScale: {x: 0.07337467, y: 0.09118193, z: 0.063140675}
  m_Children: []
  m_Father: {fileID: 441924}
  m_RootOrder: 5
  m_LocalEulerAnglesHint: {x: 0, y: 0, z: 0}
--- !u!4 &433364
Transform:
  m_ObjectHideFlags: 1
  m_CorrespondingSourceObject: {fileID: 0}
  m_PrefabInternal: {fileID: 100100000}
  m_GameObject: {fileID: 193314}
  m_LocalRotation: {x: 0.000000075496956, y: -0.0000023245811, z: -0.00000040332358,
    w: 1}
  m_LocalPosition: {x: -0.009799682, y: -0.0064997263, z: -0.25030008}
  m_LocalScale: {x: 1, y: 1, z: 1}
  m_Children: []
  m_Father: {fileID: 441924}
  m_RootOrder: 3
  m_LocalEulerAnglesHint: {x: 0, y: 0, z: 0}
--- !u!4 &434150
Transform:
  m_ObjectHideFlags: 1
  m_CorrespondingSourceObject: {fileID: 0}
  m_PrefabInternal: {fileID: 100100000}
  m_GameObject: {fileID: 167178}
  m_LocalRotation: {x: 0, y: 0, z: 0, w: 1}
  m_LocalPosition: {x: 0.022, y: 0.088, z: 0.558}
  m_LocalScale: {x: 1, y: 1, z: 1}
  m_Children: []
  m_Father: {fileID: 463432}
  m_RootOrder: 2
  m_LocalEulerAnglesHint: {x: 0, y: 0, z: 0}
--- !u!4 &440520
Transform:
  m_ObjectHideFlags: 1
  m_CorrespondingSourceObject: {fileID: 0}
  m_PrefabInternal: {fileID: 100100000}
  m_GameObject: {fileID: 108668}
  m_LocalRotation: {x: -2.1376323e-15, y: -1.1998388e-10, z: -0.000000048903324, w: 1}
  m_LocalPosition: {x: 0.028, y: 0.092, z: 0.859}
  m_LocalScale: {x: 1, y: 1, z: 1}
  m_Children: []
  m_Father: {fileID: 463432}
  m_RootOrder: 7
  m_LocalEulerAnglesHint: {x: 0, y: 0, z: 0}
--- !u!4 &441742
Transform:
  m_ObjectHideFlags: 1
  m_CorrespondingSourceObject: {fileID: 0}
  m_PrefabInternal: {fileID: 100100000}
  m_GameObject: {fileID: 110876}
  m_LocalRotation: {x: 0.29569736, y: 0.64549273, z: 0.5801054, w: -0.39922413}
  m_LocalPosition: {x: -0.0919564, y: -0.046975, z: -0.04557529}
  m_LocalScale: {x: 1.0720533, y: 0.955747, z: 1}
  m_Children: []
  m_Father: {fileID: 441924}
  m_RootOrder: 2
  m_LocalEulerAnglesHint: {x: 0, y: 0, z: 0}
--- !u!4 &441924
Transform:
  m_ObjectHideFlags: 1
  m_CorrespondingSourceObject: {fileID: 0}
  m_PrefabInternal: {fileID: 100100000}
  m_GameObject: {fileID: 187478}
  m_LocalRotation: {x: 0, y: 0, z: 0.00000056624407, w: 1}
  m_LocalPosition: {x: 0.0088, y: 0.0555, z: 0.2706}
  m_LocalScale: {x: 1, y: 1, z: 1}
  m_Children:
  - {fileID: 410514}
  - {fileID: 409470}
  - {fileID: 441742}
  - {fileID: 433364}
  - {fileID: 481702}
  - {fileID: 429066}
  - {fileID: 463432}
  - {fileID: 491838}
  m_Father: {fileID: 485268}
  m_RootOrder: 0
  m_LocalEulerAnglesHint: {x: 0, y: 0, z: 0}
--- !u!4 &454816
Transform:
  m_ObjectHideFlags: 1
  m_CorrespondingSourceObject: {fileID: 0}
  m_PrefabInternal: {fileID: 100100000}
  m_GameObject: {fileID: 135670}
  m_LocalRotation: {x: 0.4160758, y: 0.25747746, z: 0.4589221, w: 0.74160427}
  m_LocalPosition: {x: 0.023, y: 0.087, z: 0.674}
  m_LocalScale: {x: 1, y: 1, z: 1}
  m_Children: []
  m_Father: {fileID: 463432}
  m_RootOrder: 3
  m_LocalEulerAnglesHint: {x: 0, y: 0, z: 0}
--- !u!4 &459724
Transform:
  m_ObjectHideFlags: 1
  m_CorrespondingSourceObject: {fileID: 0}
  m_PrefabInternal: {fileID: 100100000}
  m_GameObject: {fileID: 178900}
  m_LocalRotation: {x: -0.47889885, y: 0.16239767, z: 0.27705696, w: -0.8170204}
  m_LocalPosition: {x: 0.021, y: 0.093, z: 0.664}
  m_LocalScale: {x: 1, y: 1, z: 1}
  m_Children: []
  m_Father: {fileID: 463432}
  m_RootOrder: 5
  m_LocalEulerAnglesHint: {x: 0, y: 0, z: 0}
--- !u!4 &462528
Transform:
  m_ObjectHideFlags: 1
  m_CorrespondingSourceObject: {fileID: 0}
  m_PrefabInternal: {fileID: 100100000}
  m_GameObject: {fileID: 104256}
  m_LocalRotation: {x: 0, y: 0, z: 0, w: 1}
  m_LocalPosition: {x: 0.023, y: 0.093, z: 0.784}
  m_LocalScale: {x: 1, y: 1, z: 1}
  m_Children: []
  m_Father: {fileID: 463432}
  m_RootOrder: 8
  m_LocalEulerAnglesHint: {x: 0, y: 0, z: 0}
--- !u!4 &463432
Transform:
  m_ObjectHideFlags: 1
  m_CorrespondingSourceObject: {fileID: 0}
  m_PrefabInternal: {fileID: 100100000}
  m_GameObject: {fileID: 100594}
  m_LocalRotation: {x: 0.000000075496956, y: -0.0000023245811, z: -0.00000040332358,
    w: 1}
  m_LocalPosition: {x: -0.03479915, y: -0.11050027, z: -0.29830137}
  m_LocalScale: {x: 1, y: 1.001009, z: 1.0010082}
  m_Children:
  - {fileID: 489322}
  - {fileID: 420900}
  - {fileID: 434150}
  - {fileID: 454816}
  - {fileID: 464586}
  - {fileID: 459724}
  - {fileID: 498958}
  - {fileID: 440520}
  - {fileID: 462528}
  m_Father: {fileID: 441924}
  m_RootOrder: 6
  m_LocalEulerAnglesHint: {x: 0, y: 0, z: 0}
--- !u!4 &464586
Transform:
  m_ObjectHideFlags: 1
  m_CorrespondingSourceObject: {fileID: 0}
  m_PrefabInternal: {fileID: 100100000}
  m_GameObject: {fileID: 189104}
  m_LocalRotation: {x: -0.049908586, y: 0.4571162, z: 0.88275975, w: -0.096381135}
  m_LocalPosition: {x: 0.021, y: 0.103, z: 0.672}
  m_LocalScale: {x: 1, y: 1, z: 1}
  m_Children: []
  m_Father: {fileID: 463432}
  m_RootOrder: 4
  m_LocalEulerAnglesHint: {x: 0, y: 0, z: 0}
--- !u!4 &472982
Transform:
  m_ObjectHideFlags: 1
  m_CorrespondingSourceObject: {fileID: 0}
  m_PrefabInternal: {fileID: 100100000}
  m_GameObject: {fileID: 113076}
  m_LocalRotation: {x: 0.5485125, y: 0.27374703, z: 0.5243525, w: 0.5909746}
  m_LocalPosition: {x: 0.198, y: -0.084, z: 0.075}
  m_LocalScale: {x: 1.027789, y: 0.9937759, z: 0.9791892}
  m_Children: []
  m_Father: {fileID: 491838}
  m_RootOrder: 0
  m_LocalEulerAnglesHint: {x: 0, y: 0, z: 0}
--- !u!4 &481702
Transform:
  m_ObjectHideFlags: 1
  m_CorrespondingSourceObject: {fileID: 0}
  m_PrefabInternal: {fileID: 100100000}
  m_GameObject: {fileID: 148346}
  m_LocalRotation: {x: -0.040810503, y: 0.6990836, z: 0.7079635, w: 0.09167471}
  m_LocalPosition: {x: -0.011601361, y: -0.028672652, z: 0.402078}
  m_LocalScale: {x: 0.07890193, y: 0.09118193, z: 0.058717564}
  m_Children: []
  m_Father: {fileID: 441924}
  m_RootOrder: 4
  m_LocalEulerAnglesHint: {x: 0, y: 0, z: 0}
--- !u!4 &485268
Transform:
  m_ObjectHideFlags: 1
  m_CorrespondingSourceObject: {fileID: 0}
  m_PrefabInternal: {fileID: 100100000}
  m_GameObject: {fileID: 109168}
  m_LocalRotation: {x: 0, y: 0, z: 0, w: 1}
  m_LocalPosition: {x: 0, y: 0, z: 0}
  m_LocalScale: {x: 1, y: 1, z: 1}
  m_Children:
  - {fileID: 441924}
  m_Father: {fileID: 0}
  m_RootOrder: 0
  m_LocalEulerAnglesHint: {x: 0, y: 0, z: 0}
--- !u!4 &489322
Transform:
  m_ObjectHideFlags: 1
  m_CorrespondingSourceObject: {fileID: 0}
  m_PrefabInternal: {fileID: 100100000}
  m_GameObject: {fileID: 183932}
  m_LocalRotation: {x: 0, y: 0, z: 0.7071068, w: 0.7071067}
  m_LocalPosition: {x: 0.00889611, y: 0.08940973, z: 0.094607}
  m_LocalScale: {x: 1.0667725, y: 1.012728, z: 1.0526592}
  m_Children: []
  m_Father: {fileID: 463432}
  m_RootOrder: 0
  m_LocalEulerAnglesHint: {x: 0, y: 0, z: 0}
--- !u!4 &491838
Transform:
  m_ObjectHideFlags: 1
  m_CorrespondingSourceObject: {fileID: 0}
  m_PrefabInternal: {fileID: 100100000}
  m_GameObject: {fileID: 117604}
  m_LocalRotation: {x: -0.5485123, y: -0.27374184, z: -0.5243542, w: 0.5909758}
  m_LocalPosition: {x: -0.012759712, y: 0.10877852, z: -0.0072027743}
  m_LocalScale: {x: 1.0615379, y: 1.0298163, z: 1.033566}
  m_Children:
  - {fileID: 472982}
  m_Father: {fileID: 441924}
  m_RootOrder: 7
  m_LocalEulerAnglesHint: {x: 0, y: 0, z: 0}
--- !u!4 &498958
Transform:
  m_ObjectHideFlags: 1
  m_CorrespondingSourceObject: {fileID: 0}
  m_PrefabInternal: {fileID: 100100000}
  m_GameObject: {fileID: 106698}
  m_LocalRotation: {x: -2.1376323e-15, y: -1.1998388e-10, z: -0.000000048903324, w: 1}
  m_LocalPosition: {x: 0, y: 0.09211159, z: 0.0012003779}
  m_LocalScale: {x: 1, y: 1, z: 1}
  m_Children: []
  m_Father: {fileID: 463432}
  m_RootOrder: 6
  m_LocalEulerAnglesHint: {x: 0, y: 0, z: 0}
--- !u!20 &2052192
Camera:
  m_ObjectHideFlags: 1
  m_CorrespondingSourceObject: {fileID: 0}
  m_PrefabInternal: {fileID: 100100000}
  m_GameObject: {fileID: 113076}
  m_Enabled: 1
  serializedVersion: 2
  m_ClearFlags: 1
  m_BackGroundColor: {r: 0.19215687, g: 0.3019608, b: 0.4745098, a: 0.019607844}
  m_projectionMatrixMode: 1
  m_SensorSize: {x: 36, y: 24}
  m_LensShift: {x: 0, y: 0}
  m_FocalLength: 50
  m_NormalizedViewPortRect:
    serializedVersion: 2
    x: 0
    y: 0
    width: 1
    height: 1
  near clip plane: 0.3
  far clip plane: 250
  field of view: 20
  orthographic: 0
  orthographic size: 5
  m_Depth: 3
  m_CullingMask:
    serializedVersion: 2
    m_Bits: 4294967295
  m_RenderingPath: -1
  m_TargetTexture: {fileID: 8400000, guid: 11f99b0eb9588534482b83985bfb1ce0, type: 2}
  m_TargetDisplay: 0
  m_TargetEye: 3
  m_HDR: 0
  m_AllowMSAA: 1
  m_AllowDynamicResolution: 0
  m_ForceIntoRT: 0
  m_OcclusionCulling: 1
  m_StereoConvergence: 10
  m_StereoSeparation: 0.022
--- !u!23 &2320068
MeshRenderer:
  m_ObjectHideFlags: 1
  m_CorrespondingSourceObject: {fileID: 0}
  m_PrefabInternal: {fileID: 100100000}
  m_GameObject: {fileID: 187478}
  m_Enabled: 1
  m_CastShadows: 1
  m_ReceiveShadows: 1
  m_DynamicOccludee: 1
  m_MotionVectors: 1
  m_LightProbeUsage: 1
  m_ReflectionProbeUsage: 1
  m_RenderingLayerMask: 4294967295
  m_Materials:
  - {fileID: 2100000, guid: 6e28447ba2c689044ad64c578428b199, type: 2}
  - {fileID: 2100000, guid: 990f12e11c0c307478a50283c620cb39, type: 2}
  m_StaticBatchInfo:
    firstSubMesh: 0
    subMeshCount: 0
  m_StaticBatchRoot: {fileID: 0}
  m_ProbeAnchor: {fileID: 0}
  m_LightProbeVolumeOverride: {fileID: 0}
  m_ScaleInLightmap: 1
  m_PreserveUVs: 0
  m_IgnoreNormalsForChartDetection: 0
  m_ImportantGI: 0
  m_StitchLightmapSeams: 0
  m_SelectedEditorRenderState: 3
  m_MinimumChartSize: 4
  m_AutoUVMaxDistance: 0.5
  m_AutoUVMaxAngle: 89
  m_LightmapParameters: {fileID: 0}
  m_SortingLayerID: 0
  m_SortingLayer: 0
  m_SortingOrder: 0
--- !u!33 &3367102
MeshFilter:
  m_ObjectHideFlags: 1
  m_CorrespondingSourceObject: {fileID: 0}
  m_PrefabInternal: {fileID: 100100000}
  m_GameObject: {fileID: 187478}
  m_Mesh: {fileID: 4300000, guid: 2ba3d4484a5881f4c9f7a19acf133a59, type: 2}
--- !u!65 &6500494
BoxCollider:
  m_ObjectHideFlags: 1
  m_CorrespondingSourceObject: {fileID: 0}
  m_PrefabInternal: {fileID: 100100000}
  m_GameObject: {fileID: 161936}
  m_Material: {fileID: 0}
  m_IsTrigger: 0
  m_Enabled: 1
  serializedVersion: 2
  m_Size: {x: 1, y: 1, z: 1}
  m_Center: {x: 0, y: 0, z: 0}
--- !u!82 &8214306
AudioSource:
  m_ObjectHideFlags: 1
  m_CorrespondingSourceObject: {fileID: 0}
  m_PrefabInternal: {fileID: 100100000}
  m_GameObject: {fileID: 148346}
  m_Enabled: 1
  serializedVersion: 4
  OutputAudioMixerGroup: {fileID: 0}
  m_audioClip: {fileID: 0}
  m_PlayOnAwake: 1
  m_Volume: 1
  m_Pitch: 1
  Loop: 0
  Mute: 0
  Spatialize: 0
  SpatializePostEffects: 0
  Priority: 128
  DopplerLevel: 1
  MinDistance: 1
  MaxDistance: 500
  Pan2D: 0
  rolloffMode: 0
  BypassEffects: 0
  BypassListenerEffects: 0
  BypassReverbZones: 0
  rolloffCustomCurve:
    serializedVersion: 2
    m_Curve:
    - serializedVersion: 3
      time: 0
      value: 1
      inSlope: 0
      outSlope: 0
      tangentMode: 0
      weightedMode: 0
      inWeight: 0.33333334
      outWeight: 0.33333334
    - serializedVersion: 3
      time: 1
      value: 0
      inSlope: 0
      outSlope: 0
      tangentMode: 0
      weightedMode: 0
      inWeight: 0.33333334
      outWeight: 0.33333334
    m_PreInfinity: 2
    m_PostInfinity: 2
    m_RotationOrder: 4
  panLevelCustomCurve:
    serializedVersion: 2
    m_Curve:
    - serializedVersion: 3
      time: 0
      value: 1
      inSlope: 0
      outSlope: 0
      tangentMode: 0
      weightedMode: 0
      inWeight: 0.33333334
      outWeight: 0.33333334
    m_PreInfinity: 2
    m_PostInfinity: 2
    m_RotationOrder: 0
  spreadCustomCurve:
    serializedVersion: 2
    m_Curve:
    - serializedVersion: 3
      time: 0
      value: 0
      inSlope: 0
      outSlope: 0
      tangentMode: 0
      weightedMode: 0
      inWeight: 0.33333334
      outWeight: 0.33333334
    m_PreInfinity: 2
    m_PostInfinity: 2
    m_RotationOrder: 0
  reverbZoneMixCustomCurve:
    serializedVersion: 2
    m_Curve:
    - serializedVersion: 3
      time: 0
      value: 1
      inSlope: 0
      outSlope: 0
      tangentMode: 0
      weightedMode: 0
      inWeight: 0.33333334
      outWeight: 0.33333334
    m_PreInfinity: 2
    m_PostInfinity: 2
    m_RotationOrder: 0
--- !u!92 &9228358
Behaviour:
  m_ObjectHideFlags: 1
  m_CorrespondingSourceObject: {fileID: 0}
  m_PrefabInternal: {fileID: 100100000}
  m_GameObject: {fileID: 113076}
  m_Enabled: 1
--- !u!108 &10872782
Light:
  m_ObjectHideFlags: 1
  m_CorrespondingSourceObject: {fileID: 0}
  m_PrefabInternal: {fileID: 100100000}
  m_GameObject: {fileID: 197876}
  m_Enabled: 0
  serializedVersion: 8
  m_Type: 2
  m_Color: {r: 1, g: 0.7486692, b: 0.35820895, a: 1}
  m_Intensity: 2.6
  m_Range: 3
  m_SpotAngle: 30
  m_CookieSize: 10
  m_Shadows:
    m_Type: 0
    m_Resolution: -1
    m_CustomResolution: -1
    m_Strength: 1
    m_Bias: 0.05
    m_NormalBias: 0.4
    m_NearPlane: 0.2
  m_Cookie: {fileID: 0}
  m_DrawHalo: 0
  m_Flare: {fileID: 0}
  m_RenderMode: 0
  m_CullingMask:
    serializedVersion: 2
    m_Bits: 4294967295
  m_Lightmapping: 1
  m_LightShadowCasterMode: 0
  m_AreaSize: {x: 1, y: 1}
  m_BounceIntensity: 1
  m_ColorTemperature: 6570
  m_UseColorTemperature: 0
  m_ShadowRadius: 0
  m_ShadowAngle: 0
--- !u!114 &11458024
MonoBehaviour:
  m_ObjectHideFlags: 1
  m_CorrespondingSourceObject: {fileID: 0}
  m_PrefabInternal: {fileID: 100100000}
  m_GameObject: {fileID: 161936}
  m_Enabled: 1
  m_EditorHideFlags: 0
  m_Script: {fileID: 11500000, guid: fb97f58541b05b24ab37661346298ff2, type: 3}
  m_Name: 
  m_EditorClassIdentifier: 
  attackObject: {fileID: 0}
  trigger: {fileID: 6500494}
  damagePercentage: 100
  triggerType: -1
--- !u!114 &11474424
MonoBehaviour:
  m_ObjectHideFlags: 1
  m_CorrespondingSourceObject: {fileID: 0}
  m_PrefabInternal: {fileID: 100100000}
  m_GameObject: {fileID: 109168}
  m_Enabled: 1
  m_EditorHideFlags: 0
  m_Script: {fileID: 11500000, guid: 0ebe2ea9c9ea0544d84d9c27f7470915, type: 3}
  m_Name: 
  m_EditorClassIdentifier: 
  damage:
    damageValue: 0
    staminaBlockCost: 0
    staminaRecoveryDelay: 0
    ignoreDefense: 0
    activeRagdoll: 0
    sender: {fileID: 0}
    receiver: {fileID: 0}
    hitPosition: {x: 0, y: 0, z: 0}
    recoil_id: 0
    reaction_id: 0
    attackName: 
  hitBoxes:
  - {fileID: 11458024}
  damageModifier: 0
  canApplyDamage: 0
  onDamageHit:
    m_PersistentCalls:
      m_Calls: []
    m_TypeName: OnHitEnter, Assembly-CSharp, Version=0.0.0.0, Culture=neutral, PublicKeyToken=null
  onRecoilHit:
    m_PersistentCalls:
      m_Calls: []
    m_TypeName: OnHitEnter, Assembly-CSharp, Version=0.0.0.0, Culture=neutral, PublicKeyToken=null
  onEnableDamage:
    m_PersistentCalls:
      m_Calls: []
    m_TypeName: UnityEngine.Events.UnityEvent, UnityEngine.CoreModule, Version=0.0.0.0,
      Culture=neutral, PublicKeyToken=null
  onDisableDamage:
    m_PersistentCalls:
      m_Calls: []
    m_TypeName: UnityEngine.Events.UnityEvent, UnityEngine.CoreModule, Version=0.0.0.0,
      Culture=neutral, PublicKeyToken=null
  meleeManager: {fileID: 0}
  meleeType: 1
  distanceToAttack: 1
  attackID: 2
  movesetID: 2
  staminaCost: 0
  staminaRecoveryDelay: 0
  defenseRate: 100
  defenseRange: 90
  defenseID: 0
  recoilID: 0
  breakAttack: 0
  onDefense:
    m_PersistentCalls:
      m_Calls: []
    m_TypeName: UnityEngine.Events.UnityEvent, UnityEngine.CoreModule, Version=0.0.0.0,
      Culture=neutral, PublicKeyToken=null
--- !u!114 &11495594
MonoBehaviour:
  m_ObjectHideFlags: 1
  m_CorrespondingSourceObject: {fileID: 0}
  m_PrefabInternal: {fileID: 100100000}
  m_GameObject: {fileID: 109168}
  m_Enabled: 1
  m_EditorHideFlags: 0
  m_Script: {fileID: 11500000, guid: 00bf0dc6ae04cf040b6ba6afb034b3c6, type: 3}
  m_Name: 
  m_EditorClassIdentifier: 
  automaticWeapon: 0
  shootFrequency: 0.5
  clipSize: 8
  ammo: 8
  ammoID: 19
  moveSetID: 2
  upperBodyID: 2
  attackID: 0
  reloadID: 1
  equipID: 0
  alignRightHandToAim: 1
  alignRightUpperArmToAim: 1
  raycastAimTarget: 1
  useIkOnIdle: 1
  useIkOnFree: 1
  useIkOnStrafe: 1
  useIkAttacking: 0
  headTrackOffset: {x: 2, y: 3}
  headTrackOffsetCrouch: {x: 0, y: 1.5}
  handIKTarget: {fileID: 441742}
  projectile: {fileID: 1000010710861650, guid: 22773fb6a3ebd59429b49fd6e288058e, type: 2}
  projectileToHide: {fileID: 0}
  projectileToHideDelay: 0
  muzzle: {fileID: 410514}
  aimReference: {fileID: 433364}
  projectilesPerShot: 1
  dispersion: 0
  velocity: 380
  damageByDistance: 1
  DropOffStart: 8
  DropOffEnd: 50
  minDamage: 30
  maxDamage: 45
  recoilRight: 4
  recoilLeft: -4
  recoilUp: 4
  fireClip: {fileID: 8300000, guid: 67972f63215fcdf439dd82687b88af79, type: 3}
  emptyClip: {fileID: 8300000, guid: 86e4a8709e440314e8fe56622c9e6162, type: 3}
  reloadClip: {fileID: 8300000, guid: 3708806e828002547b07099a479a0e59, type: 3}
  source: {fileID: 8214306}
  lightOnShot: {fileID: 10872782}
  emittShurykenParticle: []
  useUI: 1
  scopeID: 0
  scopeZoom: 45
  scopeTarget: {fileID: 491838}
  zoomScopeCamera: {fileID: 2052192}
  onDestroy:
    m_PersistentCalls:
      m_Calls: []
    m_TypeName: vShooterWeapon+OnDestroyEvent, Assembly-CSharp, Version=0.0.0.0, Culture=neutral,
      PublicKeyToken=null
  isAiming: 0
  usingScope: 0
  onShot:
    m_PersistentCalls:
      m_Calls: []
    m_TypeName: UnityEngine.Events.UnityEvent, UnityEngine.CoreModule, Version=0.0.0.0,
      Culture=neutral, PublicKeyToken=null
  onReload:
    m_PersistentCalls:
      m_Calls: []
    m_TypeName: UnityEngine.Events.UnityEvent, UnityEngine.CoreModule, Version=0.0.0.0,
      Culture=neutral, PublicKeyToken=null
  onEmptyClip:
    m_PersistentCalls:
      m_Calls: []
    m_TypeName: UnityEngine.Events.UnityEvent, UnityEngine.CoreModule, Version=0.0.0.0,
      Culture=neutral, PublicKeyToken=null
  onEnableAim:
    m_PersistentCalls:
      m_Calls: []
    m_TypeName: UnityEngine.Events.UnityEvent, UnityEngine.CoreModule, Version=0.0.0.0,
      Culture=neutral, PublicKeyToken=null
  onDisableAim:
    m_PersistentCalls:
      m_Calls: []
    m_TypeName: UnityEngine.Events.UnityEvent, UnityEngine.CoreModule, Version=0.0.0.0,
      Culture=neutral, PublicKeyToken=null
  onEnableScope:
    m_PersistentCalls:
      m_Calls: []
    m_TypeName: UnityEngine.Events.UnityEvent, UnityEngine.CoreModule, Version=0.0.0.0,
      Culture=neutral, PublicKeyToken=null
  onDisableScope:
    m_PersistentCalls:
      m_Calls: []
    m_TypeName: UnityEngine.Events.UnityEvent, UnityEngine.CoreModule, Version=0.0.0.0,
      Culture=neutral, PublicKeyToken=null
  ignoreTags: []
  hitLayer:
    serializedVersion: 2
    m_Bits: 0
  root: {fileID: 0}
--- !u!124 &12467256
Behaviour:
  m_ObjectHideFlags: 1
  m_CorrespondingSourceObject: {fileID: 0}
  m_PrefabInternal: {fileID: 100100000}
  m_GameObject: {fileID: 113076}
  m_Enabled: 1
--- !u!1001 &100100000
Prefab:
  m_ObjectHideFlags: 1
  serializedVersion: 2
  m_Modification:
    m_TransformParent: {fileID: 0}
    m_Modifications:
    - target: {fileID: 0}
      propertyPath: recoilUp
      value: 2
      objectReference: {fileID: 0}
    - target: {fileID: 0}
      propertyPath: recoilLeft
      value: -2
      objectReference: {fileID: 0}
    - target: {fileID: 0}
      propertyPath: recoilRight
      value: 2
      objectReference: {fileID: 0}
    - target: {fileID: 0}
      propertyPath: ammoID
      value: 19
      objectReference: {fileID: 0}
    - target: {fileID: 0}
      propertyPath: scopeZoom
      value: 45
      objectReference: {fileID: 0}
    - target: {fileID: 0}
      propertyPath: fireClip
      value: 
      objectReference: {fileID: 8300000, guid: 67972f63215fcdf439dd82687b88af79, type: 3}
    m_RemovedComponents: []
  m_SourcePrefab: {fileID: 0}
  m_RootGameObject: {fileID: 109168}
  m_IsPrefabAsset: 1
