%YAML 1.1
%TAG !u! tag:unity3d.com,2011:
--- !u!1001 &100100000
Prefab:
  m_ObjectHideFlags: 1
  serializedVersion: 2
  m_Modification:
    m_TransformParent: {fileID: 0}
    m_Modifications: []
    m_RemovedComponents: []
  m_SourcePrefab: {fileID: 0}
  m_RootGameObject: {fileID: 1079901903511716}
  m_IsPrefabAsset: 1
--- !u!1 &1001196697487552
GameObject:
  m_ObjectHideFlags: 1
  m_CorrespondingSourceObject: {fileID: 0}
  m_PrefabInternal: {fileID: 100100000}
  serializedVersion: 6
  m_Component:
  - component: {fileID: 4399028845711252}
  - component: {fileID: 114221520895681418}
  m_Layer: 9
  m_Name: CATRigLLeg2
  m_TagString: Untagged
  m_Icon: {fileID: 0}
  m_NavMeshLayer: 0
  m_StaticEditorFlags: 0
  m_IsActive: 1
--- !u!1 &1039196278772034
GameObject:
  m_ObjectHideFlags: 1
  m_CorrespondingSourceObject: {fileID: 0}
  m_PrefabInternal: {fileID: 100100000}
  serializedVersion: 6
  m_Component:
  - component: {fileID: 224956055912511636}
  m_Layer: 15
  m_Name: Fill Area
  m_TagString: Weapon
  m_Icon: {fileID: 0}
  m_NavMeshLayer: 0
  m_StaticEditorFlags: 0
  m_IsActive: 1
--- !u!1 &1058379156955164
GameObject:
  m_ObjectHideFlags: 1
  m_CorrespondingSourceObject: {fileID: 0}
  m_PrefabInternal: {fileID: 100100000}
  serializedVersion: 6
  m_Component:
  - component: {fileID: 4601285051323214}
  m_Layer: 9
  m_Name: CATRigLLegAnkle
  m_TagString: Untagged
  m_Icon: {fileID: 0}
  m_NavMeshLayer: 0
  m_StaticEditorFlags: 0
  m_IsActive: 1
--- !u!1 &1076323587292044
GameObject:
  m_ObjectHideFlags: 1
  m_CorrespondingSourceObject: {fileID: 0}
  m_PrefabInternal: {fileID: 100100000}
  serializedVersion: 6
  m_Component:
  - component: {fileID: 4927951060547498}
  m_Layer: 9
  m_Name: CATRigRLegAnkle
  m_TagString: Untagged
  m_Icon: {fileID: 0}
  m_NavMeshLayer: 0
  m_StaticEditorFlags: 0
  m_IsActive: 1
--- !u!1 &1079901903511716
GameObject:
  m_ObjectHideFlags: 0
  m_CorrespondingSourceObject: {fileID: 0}
  m_PrefabInternal: {fileID: 100100000}
  serializedVersion: 6
  m_Component:
  - component: {fileID: 4125171137090674}
  - component: {fileID: 95241199920690242}
  - component: {fileID: 114957201032137278}
  - component: {fileID: 54688912794015568}
  - component: {fileID: 136485765719092374}
  - component: {fileID: 195494528204640006}
  - component: {fileID: 114843030631749682}
  - component: {fileID: 114572423442568220}
  - component: {fileID: 114900111809866230}
  m_Layer: 9
  m_Name: Mutant (2)
  m_TagString: Enemy
  m_Icon: {fileID: 0}
  m_NavMeshLayer: 0
  m_StaticEditorFlags: 0
  m_IsActive: 1
--- !u!1 &1091146956581226
GameObject:
  m_ObjectHideFlags: 1
  m_CorrespondingSourceObject: {fileID: 0}
  m_PrefabInternal: {fileID: 100100000}
  serializedVersion: 6
  m_Component:
  - component: {fileID: 4352078474024042}
  - component: {fileID: 137565057417412810}
  m_Layer: 9
  m_Name: Jaw_mesh
  m_TagString: Untagged
  m_Icon: {fileID: 0}
  m_NavMeshLayer: 0
  m_StaticEditorFlags: 0
  m_IsActive: 1
--- !u!1 &1119162064910608
GameObject:
  m_ObjectHideFlags: 1
  m_CorrespondingSourceObject: {fileID: 0}
  m_PrefabInternal: {fileID: 100100000}
  serializedVersion: 6
  m_Component:
  - component: {fileID: 4162913826683282}
  m_Layer: 9
  m_Name: CATRigLLeg1
  m_TagString: Untagged
  m_Icon: {fileID: 0}
  m_NavMeshLayer: 0
  m_StaticEditorFlags: 0
  m_IsActive: 1
--- !u!1 &1124179822717866
GameObject:
  m_ObjectHideFlags: 1
  m_CorrespondingSourceObject: {fileID: 0}
  m_PrefabInternal: {fileID: 100100000}
  serializedVersion: 6
  m_Component:
  - component: {fileID: 4662690466589514}
  m_Layer: 9
  m_Name: CATRigLArm1
  m_TagString: Untagged
  m_Icon: {fileID: 0}
  m_NavMeshLayer: 0
  m_StaticEditorFlags: 0
  m_IsActive: 1
--- !u!1 &1168509852273516
GameObject:
  m_ObjectHideFlags: 1
  m_CorrespondingSourceObject: {fileID: 0}
  m_PrefabInternal: {fileID: 100100000}
  serializedVersion: 6
  m_Component:
  - component: {fileID: 4238178221514282}
  m_Layer: 9
  m_Name: CATRigLArmCollarbone
  m_TagString: Untagged
  m_Icon: {fileID: 0}
  m_NavMeshLayer: 0
  m_StaticEditorFlags: 0
  m_IsActive: 1
--- !u!1 &1179261732221740
GameObject:
  m_ObjectHideFlags: 1
  m_CorrespondingSourceObject: {fileID: 0}
  m_PrefabInternal: {fileID: 100100000}
  serializedVersion: 6
  m_Component:
  - component: {fileID: 4027436531963228}
  m_Layer: 9
  m_Name: CATRigSpine1
  m_TagString: Untagged
  m_Icon: {fileID: 0}
  m_NavMeshLayer: 0
  m_StaticEditorFlags: 0
  m_IsActive: 1
--- !u!1 &1180183600577188
GameObject:
  m_ObjectHideFlags: 1
  m_CorrespondingSourceObject: {fileID: 0}
  m_PrefabInternal: {fileID: 100100000}
  serializedVersion: 6
  m_Component:
  - component: {fileID: 4144735789438670}
  - component: {fileID: 33192784084860482}
  - component: {fileID: 23407553842368654}
  m_Layer: 9
  m_Name: Eyes_mesh
  m_TagString: Untagged
  m_Icon: {fileID: 0}
  m_NavMeshLayer: 0
  m_StaticEditorFlags: 0
  m_IsActive: 1
--- !u!1 &1181977090081132
GameObject:
  m_ObjectHideFlags: 1
  m_CorrespondingSourceObject: {fileID: 0}
  m_PrefabInternal: {fileID: 100100000}
  serializedVersion: 6
  m_Component:
  - component: {fileID: 4484008702857578}
  - component: {fileID: 114058789328042842}
  - component: {fileID: 65142346966985762}
  m_Layer: 2
  m_Name: hitBox
  m_TagString: Ignore Ragdoll
  m_Icon: {fileID: 0}
  m_NavMeshLayer: 0
  m_StaticEditorFlags: 0
  m_IsActive: 1
--- !u!1 &1195761389246362
GameObject:
  m_ObjectHideFlags: 1
  m_CorrespondingSourceObject: {fileID: 0}
  m_PrefabInternal: {fileID: 100100000}
  serializedVersion: 6
  m_Component:
  - component: {fileID: 4885773808368514}
  m_Layer: 9
  m_Name: CATRigLLegDigit11
  m_TagString: Untagged
  m_Icon: {fileID: 0}
  m_NavMeshLayer: 0
  m_StaticEditorFlags: 0
  m_IsActive: 1
--- !u!1 &1210790956305098
GameObject:
  m_ObjectHideFlags: 1
  m_CorrespondingSourceObject: {fileID: 0}
  m_PrefabInternal: {fileID: 100100000}
  serializedVersion: 6
  m_Component:
  - component: {fileID: 4971734219639074}
  - component: {fileID: 114282594436209368}
  - component: {fileID: 65151217030004502}
  m_Layer: 2
  m_Name: hitBox
  m_TagString: Ignore Ragdoll
  m_Icon: {fileID: 0}
  m_NavMeshLayer: 0
  m_StaticEditorFlags: 0
  m_IsActive: 1
--- !u!1 &1213141336999562
GameObject:
  m_ObjectHideFlags: 1
  m_CorrespondingSourceObject: {fileID: 0}
  m_PrefabInternal: {fileID: 100100000}
  serializedVersion: 6
  m_Component:
  - component: {fileID: 4261113082279044}
  - component: {fileID: 114806997323179772}
  m_Layer: 9
  m_Name: CATRigRArm1 1
  m_TagString: Untagged
  m_Icon: {fileID: 0}
  m_NavMeshLayer: 0
  m_StaticEditorFlags: 0
  m_IsActive: 1
--- !u!1 &1227530661225168
GameObject:
  m_ObjectHideFlags: 1
  m_CorrespondingSourceObject: {fileID: 0}
  m_PrefabInternal: {fileID: 100100000}
  serializedVersion: 6
  m_Component:
  - component: {fileID: 4908962801670484}
  m_Layer: 9
  m_Name: CATRigSpine
  m_TagString: Untagged
  m_Icon: {fileID: 0}
  m_NavMeshLayer: 0
  m_StaticEditorFlags: 0
  m_IsActive: 1
--- !u!1 &1234028598208576
GameObject:
  m_ObjectHideFlags: 1
  m_CorrespondingSourceObject: {fileID: 0}
  m_PrefabInternal: {fileID: 100100000}
  serializedVersion: 6
  m_Component:
  - component: {fileID: 4730291130034946}
  m_Layer: 9
  m_Name: CATRigHub005Bone002
  m_TagString: Untagged
  m_Icon: {fileID: 0}
  m_NavMeshLayer: 0
  m_StaticEditorFlags: 0
  m_IsActive: 1
--- !u!1 &1256237592427792
GameObject:
  m_ObjectHideFlags: 1
  m_CorrespondingSourceObject: {fileID: 0}
  m_PrefabInternal: {fileID: 100100000}
  serializedVersion: 6
  m_Component:
  - component: {fileID: 4610772654663508}
  - component: {fileID: 137111501505608680}
  m_Layer: 9
  m_Name: Body_mesh
  m_TagString: Untagged
  m_Icon: {fileID: 0}
  m_NavMeshLayer: 0
  m_StaticEditorFlags: 0
  m_IsActive: 1
--- !u!1 &1256660252319516
GameObject:
  m_ObjectHideFlags: 1
  m_CorrespondingSourceObject: {fileID: 0}
  m_PrefabInternal: {fileID: 100100000}
  serializedVersion: 6
  m_Component:
  - component: {fileID: 4563926755414354}
  m_Layer: 9
  m_Name: CATRigRArmPalm
  m_TagString: Untagged
  m_Icon: {fileID: 0}
  m_NavMeshLayer: 0
  m_StaticEditorFlags: 0
  m_IsActive: 1
--- !u!1 &1264335756998930
GameObject:
  m_ObjectHideFlags: 1
  m_CorrespondingSourceObject: {fileID: 0}
  m_PrefabInternal: {fileID: 100100000}
  serializedVersion: 6
  m_Component:
  - component: {fileID: 4611572676960294}
  - component: {fileID: 114925079684391228}
  - component: {fileID: 65731874155661424}
  m_Layer: 2
  m_Name: hitBox
  m_TagString: Ignore Ragdoll
  m_Icon: {fileID: 0}
  m_NavMeshLayer: 0
  m_StaticEditorFlags: 0
  m_IsActive: 1
--- !u!1 &1293981939949680
GameObject:
  m_ObjectHideFlags: 1
  m_CorrespondingSourceObject: {fileID: 0}
  m_PrefabInternal: {fileID: 100100000}
  serializedVersion: 6
  m_Component:
  - component: {fileID: 4988812400147966}
  m_Layer: 9
  m_Name: CATRigRArm1
  m_TagString: Untagged
  m_Icon: {fileID: 0}
  m_NavMeshLayer: 0
  m_StaticEditorFlags: 0
  m_IsActive: 1
--- !u!1 &1316130370073986
GameObject:
  m_ObjectHideFlags: 1
  m_CorrespondingSourceObject: {fileID: 0}
  m_PrefabInternal: {fileID: 100100000}
  serializedVersion: 6
  m_Component:
  - component: {fileID: 224875793004068320}
  - component: {fileID: 222368571237703828}
  - component: {fileID: 114033421734166690}
  m_Layer: 15
  m_Name: damageDisplay
  m_TagString: Weapon
  m_Icon: {fileID: 0}
  m_NavMeshLayer: 0
  m_StaticEditorFlags: 0
  m_IsActive: 1
--- !u!1 &1316330534354130
GameObject:
  m_ObjectHideFlags: 1
  m_CorrespondingSourceObject: {fileID: 0}
  m_PrefabInternal: {fileID: 100100000}
  serializedVersion: 6
  m_Component:
  - component: {fileID: 4586142538750192}
  m_Layer: 9
  m_Name: CATRigRLeg1
  m_TagString: Untagged
  m_Icon: {fileID: 0}
  m_NavMeshLayer: 0
  m_StaticEditorFlags: 0
  m_IsActive: 1
--- !u!1 &1331044696976526
GameObject:
  m_ObjectHideFlags: 1
  m_CorrespondingSourceObject: {fileID: 0}
  m_PrefabInternal: {fileID: 100100000}
  serializedVersion: 6
  m_Component:
  - component: {fileID: 4589378111914884}
  m_Layer: 9
  m_Name: CATRigSpine2
  m_TagString: Untagged
  m_Icon: {fileID: 0}
  m_NavMeshLayer: 0
  m_StaticEditorFlags: 0
  m_IsActive: 1
--- !u!1 &1333169754291766
GameObject:
  m_ObjectHideFlags: 0
  m_CorrespondingSourceObject: {fileID: 0}
  m_PrefabInternal: {fileID: 100100000}
  serializedVersion: 6
  m_Component:
  - component: {fileID: 4734486447496990}
  - component: {fileID: 114265462029978746}
  m_Layer: 15
  m_Name: mutantHealthUI
  m_TagString: Weapon
  m_Icon: {fileID: 0}
  m_NavMeshLayer: 0
  m_StaticEditorFlags: 0
  m_IsActive: 1
--- !u!1 &1375192010785202
GameObject:
  m_ObjectHideFlags: 1
  m_CorrespondingSourceObject: {fileID: 0}
  m_PrefabInternal: {fileID: 100100000}
  serializedVersion: 6
  m_Component:
  - component: {fileID: 4057140139312774}
  m_Layer: 9
  m_Name: CATRigHub004
  m_TagString: Untagged
  m_Icon: {fileID: 0}
  m_NavMeshLayer: 0
  m_StaticEditorFlags: 0
  m_IsActive: 1
--- !u!1 &1423890194969342
GameObject:
  m_ObjectHideFlags: 1
  m_CorrespondingSourceObject: {fileID: 0}
  m_PrefabInternal: {fileID: 100100000}
  serializedVersion: 6
  m_Component:
  - component: {fileID: 224572439117447442}
  - component: {fileID: 223404852103826426}
  - component: {fileID: 114068245222797400}
  - component: {fileID: 114087873459359312}
  m_Layer: 15
  m_Name: EnemyCanvas
  m_TagString: Weapon
  m_Icon: {fileID: 0}
  m_NavMeshLayer: 0
  m_StaticEditorFlags: 0
  m_IsActive: 1
--- !u!1 &1431914464224180
GameObject:
  m_ObjectHideFlags: 1
  m_CorrespondingSourceObject: {fileID: 0}
  m_PrefabInternal: {fileID: 100100000}
  serializedVersion: 6
  m_Component:
  - component: {fileID: 224641248878621822}
  - component: {fileID: 114917524583121194}
  m_Layer: 15
  m_Name: healthBar
  m_TagString: Weapon
  m_Icon: {fileID: 0}
  m_NavMeshLayer: 0
  m_StaticEditorFlags: 0
  m_IsActive: 1
--- !u!1 &1447827502968006
GameObject:
  m_ObjectHideFlags: 1
  m_CorrespondingSourceObject: {fileID: 0}
  m_PrefabInternal: {fileID: 100100000}
  serializedVersion: 6
  m_Component:
  - component: {fileID: 4329698234401208}
  - component: {fileID: 114427095994612200}
  m_Layer: 9
  m_Name: CATRigRLeg2
  m_TagString: Untagged
  m_Icon: {fileID: 0}
  m_NavMeshLayer: 0
  m_StaticEditorFlags: 0
  m_IsActive: 1
--- !u!1 &1555621490544706
GameObject:
  m_ObjectHideFlags: 0
  m_CorrespondingSourceObject: {fileID: 0}
  m_PrefabInternal: {fileID: 100100000}
  serializedVersion: 6
  m_Component:
  - component: {fileID: 4089348992279266}
  m_Layer: 9
  m_Name: CATRigRLegPlatform
  m_TagString: Untagged
  m_Icon: {fileID: 0}
  m_NavMeshLayer: 0
  m_StaticEditorFlags: 0
  m_IsActive: 1
--- !u!1 &1587844778647500
GameObject:
  m_ObjectHideFlags: 1
  m_CorrespondingSourceObject: {fileID: 0}
  m_PrefabInternal: {fileID: 100100000}
  serializedVersion: 6
  m_Component:
  - component: {fileID: 224631659010982352}
  m_Layer: 15
  m_Name: Fill Area
  m_TagString: Weapon
  m_Icon: {fileID: 0}
  m_NavMeshLayer: 0
  m_StaticEditorFlags: 0
  m_IsActive: 1
--- !u!1 &1616275618861434
GameObject:
  m_ObjectHideFlags: 0
  m_CorrespondingSourceObject: {fileID: 0}
  m_PrefabInternal: {fileID: 100100000}
  serializedVersion: 6
  m_Component:
  - component: {fileID: 4301375317753750}
  m_Layer: 9
  m_Name: Character001
  m_TagString: Untagged
  m_Icon: {fileID: 0}
  m_NavMeshLayer: 0
  m_StaticEditorFlags: 0
  m_IsActive: 1
--- !u!1 &1619019843605730
GameObject:
  m_ObjectHideFlags: 1
  m_CorrespondingSourceObject: {fileID: 0}
  m_PrefabInternal: {fileID: 100100000}
  serializedVersion: 6
  m_Component:
  - component: {fileID: 4548469312813128}
  m_Layer: 9
  m_Name: CATRigHub005Bone003
  m_TagString: Untagged
  m_Icon: {fileID: 0}
  m_NavMeshLayer: 0
  m_StaticEditorFlags: 0
  m_IsActive: 1
--- !u!1 &1619750409294930
GameObject:
  m_ObjectHideFlags: 0
  m_CorrespondingSourceObject: {fileID: 0}
  m_PrefabInternal: {fileID: 100100000}
  serializedVersion: 6
  m_Component:
  - component: {fileID: 4986539599581874}
  m_Layer: 9
  m_Name: character
  m_TagString: Untagged
  m_Icon: {fileID: 0}
  m_NavMeshLayer: 0
  m_StaticEditorFlags: 0
  m_IsActive: 1
--- !u!1 &1649652619299798
GameObject:
  m_ObjectHideFlags: 1
  m_CorrespondingSourceObject: {fileID: 0}
  m_PrefabInternal: {fileID: 100100000}
  serializedVersion: 6
  m_Component:
  - component: {fileID: 4609975004697870}
  - component: {fileID: 114880505955986776}
  - component: {fileID: 65480859741691960}
  m_Layer: 2
  m_Name: hitBox
  m_TagString: Ignore Ragdoll
  m_Icon: {fileID: 0}
  m_NavMeshLayer: 0
  m_StaticEditorFlags: 0
  m_IsActive: 1
--- !u!1 &1650897999313020
GameObject:
  m_ObjectHideFlags: 1
  m_CorrespondingSourceObject: {fileID: 0}
  m_PrefabInternal: {fileID: 100100000}
  serializedVersion: 6
  m_Component:
  - component: {fileID: 4019082420024536}
  m_Layer: 9
  m_Name: CATRigHub005Bone001
  m_TagString: Untagged
  m_Icon: {fileID: 0}
  m_NavMeshLayer: 0
  m_StaticEditorFlags: 0
  m_IsActive: 1
--- !u!1 &1669173376839258
GameObject:
  m_ObjectHideFlags: 1
  m_CorrespondingSourceObject: {fileID: 0}
  m_PrefabInternal: {fileID: 100100000}
  serializedVersion: 6
  m_Component:
  - component: {fileID: 224264875744377246}
  - component: {fileID: 222659883906665932}
  - component: {fileID: 114310905272698010}
  m_Layer: 15
  m_Name: Fill
  m_TagString: Weapon
  m_Icon: {fileID: 0}
  m_NavMeshLayer: 0
  m_StaticEditorFlags: 0
  m_IsActive: 1
--- !u!1 &1690655648940480
GameObject:
  m_ObjectHideFlags: 1
  m_CorrespondingSourceObject: {fileID: 0}
  m_PrefabInternal: {fileID: 100100000}
  serializedVersion: 6
  m_Component:
  - component: {fileID: 4808962522821830}
  m_Layer: 9
  m_Name: CATRigHub003Bone001
  m_TagString: Untagged
  m_Icon: {fileID: 0}
  m_NavMeshLayer: 0
  m_StaticEditorFlags: 0
  m_IsActive: 1
--- !u!1 &1715317217627892
GameObject:
  m_ObjectHideFlags: 1
  m_CorrespondingSourceObject: {fileID: 0}
  m_PrefabInternal: {fileID: 100100000}
  serializedVersion: 6
  m_Component:
  - component: {fileID: 4256579030316734}
  m_Layer: 9
  m_Name: CATRigLArmPalm
  m_TagString: Untagged
  m_Icon: {fileID: 0}
  m_NavMeshLayer: 0
  m_StaticEditorFlags: 0
  m_IsActive: 1
--- !u!1 &1734367271516176
GameObject:
  m_ObjectHideFlags: 1
  m_CorrespondingSourceObject: {fileID: 0}
  m_PrefabInternal: {fileID: 100100000}
  serializedVersion: 6
  m_Component:
  - component: {fileID: 4491291094887300}
  - component: {fileID: 114681320402233470}
  m_Layer: 9
  m_Name: CATRigLArm1 1
  m_TagString: Untagged
  m_Icon: {fileID: 0}
  m_NavMeshLayer: 0
  m_StaticEditorFlags: 0
  m_IsActive: 1
--- !u!1 &1753536558147860
GameObject:
  m_ObjectHideFlags: 1
  m_CorrespondingSourceObject: {fileID: 0}
  m_PrefabInternal: {fileID: 100100000}
  serializedVersion: 6
  m_Component:
  - component: {fileID: 224717727908864358}
  - component: {fileID: 222372116041380138}
  - component: {fileID: 114766491682000036}
  m_Layer: 15
  m_Name: Fill
  m_TagString: Weapon
  m_Icon: {fileID: 0}
  m_NavMeshLayer: 0
  m_StaticEditorFlags: 0
  m_IsActive: 1
--- !u!1 &1754530756876458
GameObject:
  m_ObjectHideFlags: 1
  m_CorrespondingSourceObject: {fileID: 0}
  m_PrefabInternal: {fileID: 100100000}
  serializedVersion: 6
  m_Component:
  - component: {fileID: 4958663727880452}
  m_Layer: 9
  m_Name: CATRigRArmCollarbone
  m_TagString: Untagged
  m_Icon: {fileID: 0}
  m_NavMeshLayer: 0
  m_StaticEditorFlags: 0
  m_IsActive: 1
--- !u!1 &1755435607366378
GameObject:
  m_ObjectHideFlags: 1
  m_CorrespondingSourceObject: {fileID: 0}
  m_PrefabInternal: {fileID: 100100000}
  serializedVersion: 6
  m_Component:
  - component: {fileID: 4448956353424300}
  m_Layer: 9
  m_Name: CATRigHub005
  m_TagString: Untagged
  m_Icon: {fileID: 0}
  m_NavMeshLayer: 0
  m_StaticEditorFlags: 0
  m_IsActive: 1
--- !u!1 &1762288707961168
GameObject:
  m_ObjectHideFlags: 1
  m_CorrespondingSourceObject: {fileID: 0}
  m_PrefabInternal: {fileID: 100100000}
  serializedVersion: 6
  m_Component:
  - component: {fileID: 224381232851198896}
  - component: {fileID: 222999743133522192}
  - component: {fileID: 114424756932761866}
  m_Layer: 15
  m_Name: Background
  m_TagString: Weapon
  m_Icon: {fileID: 0}
  m_NavMeshLayer: 0
  m_StaticEditorFlags: 0
  m_IsActive: 1
--- !u!1 &1798006650842504
GameObject:
  m_ObjectHideFlags: 0
  m_CorrespondingSourceObject: {fileID: 0}
  m_PrefabInternal: {fileID: 100100000}
  serializedVersion: 6
  m_Component:
  - component: {fileID: 4749163094315164}
  - component: {fileID: 135610947827272282}
  - component: {fileID: 114098752283404572}
  m_Layer: 11
  m_Name: SphereSensor
  m_TagString: Weapon
  m_Icon: {fileID: 0}
  m_NavMeshLayer: 0
  m_StaticEditorFlags: 0
  m_IsActive: 1
--- !u!1 &1806207507829592
GameObject:
  m_ObjectHideFlags: 0
  m_CorrespondingSourceObject: {fileID: 0}
  m_PrefabInternal: {fileID: 100100000}
  serializedVersion: 6
  m_Component:
  - component: {fileID: 4795040839356932}
  m_Layer: 9
  m_Name: CATRigHub003
  m_TagString: Untagged
  m_Icon: {fileID: 0}
  m_NavMeshLayer: 0
  m_StaticEditorFlags: 0
  m_IsActive: 1
--- !u!1 &1815501305054122
GameObject:
  m_ObjectHideFlags: 0
  m_CorrespondingSourceObject: {fileID: 0}
  m_PrefabInternal: {fileID: 100100000}
  serializedVersion: 6
  m_Component:
  - component: {fileID: 4321936423726718}
  m_Layer: 9
  m_Name: CATRigLLegPlatform
  m_TagString: Untagged
  m_Icon: {fileID: 0}
  m_NavMeshLayer: 0
  m_StaticEditorFlags: 0
  m_IsActive: 1
--- !u!1 &1908453399292504
GameObject:
  m_ObjectHideFlags: 1
  m_CorrespondingSourceObject: {fileID: 0}
  m_PrefabInternal: {fileID: 100100000}
  serializedVersion: 6
  m_Component:
  - component: {fileID: 224719060429967356}
  - component: {fileID: 114564030972567122}
  m_Layer: 15
  m_Name: subhealth
  m_TagString: Weapon
  m_Icon: {fileID: 0}
  m_NavMeshLayer: 0
  m_StaticEditorFlags: 0
  m_IsActive: 1
--- !u!1 &1984455479350468
GameObject:
  m_ObjectHideFlags: 1
  m_CorrespondingSourceObject: {fileID: 0}
  m_PrefabInternal: {fileID: 100100000}
  serializedVersion: 6
  m_Component:
  - component: {fileID: 4851563004258514}
  m_Layer: 9
  m_Name: CATRigRLegDigit11
  m_TagString: Untagged
  m_Icon: {fileID: 0}
  m_NavMeshLayer: 0
  m_StaticEditorFlags: 0
  m_IsActive: 1
--- !u!4 &4019082420024536
Transform:
  m_ObjectHideFlags: 1
  m_CorrespondingSourceObject: {fileID: 0}
  m_PrefabInternal: {fileID: 100100000}
  m_GameObject: {fileID: 1650897999313020}
  m_LocalRotation: {x: 0.000000038182026, y: -0.000000013460972, z: -0.69425, w: 0.719734}
  m_LocalPosition: {x: -0, y: 0, z: 0}
  m_LocalScale: {x: 0.9999999, y: 0.9999999, z: 0.99999994}
  m_Children: []
  m_Father: {fileID: 4448956353424300}
  m_RootOrder: 0
  m_LocalEulerAnglesHint: {x: 0, y: 0, z: 0}
--- !u!4 &4027436531963228
Transform:
  m_ObjectHideFlags: 1
  m_CorrespondingSourceObject: {fileID: 0}
  m_PrefabInternal: {fileID: 100100000}
  m_GameObject: {fileID: 1179261732221740}
  m_LocalRotation: {x: 8.881784e-14, y: 3.3922607e-13, z: 5.684342e-14, w: 1}
  m_LocalPosition: {x: -0.113161184, y: 0.03641398, z: -0.0000000054983516}
  m_LocalScale: {x: 1, y: 1, z: 1}
  m_Children:
  - {fileID: 4589378111914884}
  m_Father: {fileID: 4808962522821830}
  m_RootOrder: 0
  m_LocalEulerAnglesHint: {x: 0, y: 0, z: 0}
--- !u!4 &4057140139312774
Transform:
  m_ObjectHideFlags: 1
  m_CorrespondingSourceObject: {fileID: 0}
  m_PrefabInternal: {fileID: 100100000}
  m_GameObject: {fileID: 1375192010785202}
  m_LocalRotation: {x: 3.907982e-14, y: 9.270145e-14, z: 4.2632564e-14, w: 1}
  m_LocalPosition: {x: -0.18903045, y: 0, z: 7.9580785e-14}
  m_LocalScale: {x: 1, y: 1, z: 1}
  m_Children:
  - {fileID: 4238178221514282}
  - {fileID: 4958663727880452}
  - {fileID: 4908962801670484}
  m_Father: {fileID: 4589378111914884}
  m_RootOrder: 0
  m_LocalEulerAnglesHint: {x: 0, y: 0, z: 0}
--- !u!4 &4089348992279266
Transform:
  m_ObjectHideFlags: 1
  m_CorrespondingSourceObject: {fileID: 0}
  m_PrefabInternal: {fileID: 100100000}
  m_GameObject: {fileID: 1555621490544706}
  m_LocalRotation: {x: 0.5, y: -0.5, z: -0.50000006, w: 0.50000006}
  m_LocalPosition: {x: 0.23289223, y: -0.0000000068576305, z: 0.026193885}
  m_LocalScale: {x: 1, y: 1, z: 1}
  m_Children: []
  m_Father: {fileID: 4125171137090674}
  m_RootOrder: 2
  m_LocalEulerAnglesHint: {x: 0, y: 0, z: 0}
--- !u!4 &4125171137090674
Transform:
  m_ObjectHideFlags: 1
  m_CorrespondingSourceObject: {fileID: 0}
  m_PrefabInternal: {fileID: 100100000}
  m_GameObject: {fileID: 1079901903511716}
  m_LocalRotation: {x: -0, y: -0, z: -0, w: 1}
  m_LocalPosition: {x: -83.8, y: 1, z: -2.98}
  m_LocalScale: {x: 1, y: 1, z: 1}
  m_Children:
  - {fileID: 4795040839356932}
  - {fileID: 4321936423726718}
  - {fileID: 4089348992279266}
  - {fileID: 4986539599581874}
  - {fileID: 4301375317753750}
  - {fileID: 4749163094315164}
  - {fileID: 4734486447496990}
  m_Father: {fileID: 0}
  m_RootOrder: 0
  m_LocalEulerAnglesHint: {x: 0, y: 0, z: 0}
--- !u!4 &4144735789438670
Transform:
  m_ObjectHideFlags: 1
  m_CorrespondingSourceObject: {fileID: 0}
  m_PrefabInternal: {fileID: 100100000}
  m_GameObject: {fileID: 1180183600577188}
  m_LocalRotation: {x: 0.6786991, y: 0.19841278, z: -0.6786991, w: 0.19841278}
  m_LocalPosition: {x: -0.1328394, y: 0.037531566, z: 1.0658141e-15}
  m_LocalScale: {x: 0.99999964, y: 1.0000002, z: 1.0000001}
  m_Children: []
  m_Father: {fileID: 4448956353424300}
  m_RootOrder: 3
  m_LocalEulerAnglesHint: {x: 0, y: 0, z: 0}
--- !u!4 &4162913826683282
Transform:
  m_ObjectHideFlags: 1
  m_CorrespondingSourceObject: {fileID: 0}
  m_PrefabInternal: {fileID: 100100000}
  m_GameObject: {fileID: 1119162064910608}
  m_LocalRotation: {x: -0.14150545, y: 0.9872339, z: 0.054616064, w: 0.048607145}
  m_LocalPosition: {x: -0.0026055337, y: -0.0048086676, z: 0.1061207}
  m_LocalScale: {x: 0.9999996, y: 1.0000004, z: 1}
  m_Children:
  - {fileID: 4399028845711252}
  m_Father: {fileID: 4795040839356932}
  m_RootOrder: 1
  m_LocalEulerAnglesHint: {x: 0, y: 0, z: 0}
--- !u!4 &4238178221514282
Transform:
  m_ObjectHideFlags: 1
  m_CorrespondingSourceObject: {fileID: 0}
  m_PrefabInternal: {fileID: 100100000}
  m_GameObject: {fileID: 1168509852273516}
  m_LocalRotation: {x: 0.28486988, y: 0.69210464, z: 0.28274888, w: 0.59991115}
  m_LocalPosition: {x: -0.23579656, y: 0.14620899, z: 0.06301852}
  m_LocalScale: {x: 0.99999994, y: 0.9999999, z: 1.0000002}
  m_Children:
  - {fileID: 4662690466589514}
  m_Father: {fileID: 4057140139312774}
  m_RootOrder: 0
  m_LocalEulerAnglesHint: {x: 0, y: 0, z: 0}
--- !u!4 &4256579030316734
Transform:
  m_ObjectHideFlags: 1
  m_CorrespondingSourceObject: {fileID: 0}
  m_PrefabInternal: {fileID: 100100000}
  m_GameObject: {fileID: 1715317217627892}
  m_LocalRotation: {x: -0.0030681577, y: 0.09230631, z: -0.10741032, w: 0.9899157}
  m_LocalPosition: {x: -0.23851661, y: 0, z: 0}
  m_LocalScale: {x: 1.0000106, y: 1.0000004, z: 0.9999903}
  m_Children: []
  m_Father: {fileID: 4491291094887300}
  m_RootOrder: 0
  m_LocalEulerAnglesHint: {x: 0, y: 0, z: 0}
--- !u!4 &4261113082279044
Transform:
  m_ObjectHideFlags: 1
  m_CorrespondingSourceObject: {fileID: 0}
  m_PrefabInternal: {fileID: 100100000}
  m_GameObject: {fileID: 1213141336999562}
  m_LocalRotation: {x: -0.04099962, y: 0.19015945, z: -0.2208102, w: 0.9557203}
  m_LocalPosition: {x: -0.3156241, y: 0.000000011920929, z: 0}
  m_LocalScale: {x: 1.0000019, y: 1, z: 0.9999982}
  m_Children:
  - {fileID: 4563926755414354}
  - {fileID: 4609975004697870}
  m_Father: {fileID: 4988812400147966}
  m_RootOrder: 0
  m_LocalEulerAnglesHint: {x: 0, y: 0, z: 0}
--- !u!4 &4301375317753750
Transform:
  m_ObjectHideFlags: 1
  m_CorrespondingSourceObject: {fileID: 0}
  m_PrefabInternal: {fileID: 100100000}
  m_GameObject: {fileID: 1616275618861434}
  m_LocalRotation: {x: 0.50000006, y: -0.50000006, z: -0.49999997, w: 0.49999997}
  m_LocalPosition: {x: -0, y: 0, z: 0}
  m_LocalScale: {x: 1, y: 1, z: 1}
  m_Children: []
  m_Father: {fileID: 4125171137090674}
  m_RootOrder: 4
  m_LocalEulerAnglesHint: {x: 0, y: 0, z: 0}
--- !u!4 &4321936423726718
Transform:
  m_ObjectHideFlags: 1
  m_CorrespondingSourceObject: {fileID: 0}
  m_PrefabInternal: {fileID: 100100000}
  m_GameObject: {fileID: 1815501305054122}
  m_LocalRotation: {x: 0.5, y: -0.5, z: -0.50000006, w: 0.50000006}
  m_LocalPosition: {x: -0.23289223, y: -0.000000006857618, z: 0.026193812}
  m_LocalScale: {x: 1, y: 1, z: 1}
  m_Children: []
  m_Father: {fileID: 4125171137090674}
  m_RootOrder: 1
  m_LocalEulerAnglesHint: {x: 0, y: 0, z: 0}
--- !u!4 &4329698234401208
Transform:
  m_ObjectHideFlags: 1
  m_CorrespondingSourceObject: {fileID: 0}
  m_PrefabInternal: {fileID: 100100000}
  m_GameObject: {fileID: 1447827502968006}
  m_LocalRotation: {x: -0.016492864, y: 0.0045458577, z: 0.5731743, w: 0.8192549}
  m_LocalPosition: {x: -0.54829496, y: -0.0000047445296, z: -0.0000016450882}
  m_LocalScale: {x: 1.0000037, y: 0.9999983, z: 0.9999988}
  m_Children:
  - {fileID: 4927951060547498}
  - {fileID: 4971734219639074}
  m_Father: {fileID: 4586142538750192}
  m_RootOrder: 0
  m_LocalEulerAnglesHint: {x: 0, y: 0, z: 0}
--- !u!4 &4352078474024042
Transform:
  m_ObjectHideFlags: 1
  m_CorrespondingSourceObject: {fileID: 0}
  m_PrefabInternal: {fileID: 100100000}
  m_GameObject: {fileID: 1091146956581226}
  m_LocalRotation: {x: 0, y: -0, z: -0, w: 1}
  m_LocalPosition: {x: -0, y: -0.022668218, z: 0.9514511}
  m_LocalScale: {x: 1, y: 1, z: 1}
  m_Children: []
  m_Father: {fileID: 4986539599581874}
  m_RootOrder: 1
  m_LocalEulerAnglesHint: {x: 0, y: 0, z: 0}
--- !u!4 &4399028845711252
Transform:
  m_ObjectHideFlags: 1
  m_CorrespondingSourceObject: {fileID: 0}
  m_PrefabInternal: {fileID: 100100000}
  m_GameObject: {fileID: 1001196697487552}
  m_LocalRotation: {x: 0.01663294, y: -0.004735583, z: 0.5730161, w: 0.8193617}
  m_LocalPosition: {x: -0.5482949, y: -0.0000047683716, z: 0.0000016450882}
  m_LocalScale: {x: 0.9999979, y: 1.0000013, z: 1.0000006}
  m_Children:
  - {fileID: 4601285051323214}
  - {fileID: 4484008702857578}
  m_Father: {fileID: 4162913826683282}
  m_RootOrder: 0
  m_LocalEulerAnglesHint: {x: 0, y: 0, z: 0}
--- !u!4 &4448956353424300
Transform:
  m_ObjectHideFlags: 1
  m_CorrespondingSourceObject: {fileID: 0}
  m_PrefabInternal: {fileID: 100100000}
  m_GameObject: {fileID: 1755435607366378}
  m_LocalRotation: {x: 0.0000000011267696, y: -0.000000001571603, z: 0.024880301,
    w: 0.9996904}
  m_LocalPosition: {x: -0.07581043, y: 0.00000009536743, z: 0.0000000017073575}
  m_LocalScale: {x: 1.0000001, y: 1.0000001, z: 1}
  m_Children:
  - {fileID: 4019082420024536}
  - {fileID: 4730291130034946}
  - {fileID: 4548469312813128}
  - {fileID: 4144735789438670}
  m_Father: {fileID: 4908962801670484}
  m_RootOrder: 0
  m_LocalEulerAnglesHint: {x: 0, y: 0, z: 0}
--- !u!4 &4484008702857578
Transform:
  m_ObjectHideFlags: 1
  m_CorrespondingSourceObject: {fileID: 0}
  m_PrefabInternal: {fileID: 100100000}
  m_GameObject: {fileID: 1181977090081132}
  m_LocalRotation: {x: 0.70625365, y: 0.034720805, z: -0.7062541, w: -0.034720838}
  m_LocalPosition: {x: -0.1688179, y: 0.00000040233084, z: 0.00000013085075}
  m_LocalScale: {x: 0.15000008, y: 0.14999998, z: 0.24116851}
  m_Children: []
  m_Father: {fileID: 4399028845711252}
  m_RootOrder: 1
  m_LocalEulerAnglesHint: {x: 0, y: 0, z: 0}
--- !u!4 &4491291094887300
Transform:
  m_ObjectHideFlags: 1
  m_CorrespondingSourceObject: {fileID: 0}
  m_PrefabInternal: {fileID: 100100000}
  m_GameObject: {fileID: 1734367271516176}
  m_LocalRotation: {x: 0.04099967, y: -0.19015934, z: -0.22081017, w: 0.9557203}
  m_LocalPosition: {x: -0.31562415, y: 0.000000011920929, z: 0}
  m_LocalScale: {x: 1.000003, y: 1, z: 0.9999969}
  m_Children:
  - {fileID: 4256579030316734}
  - {fileID: 4611572676960294}
  m_Father: {fileID: 4662690466589514}
  m_RootOrder: 0
  m_LocalEulerAnglesHint: {x: 0, y: 0, z: 0}
--- !u!4 &4548469312813128
Transform:
  m_ObjectHideFlags: 1
  m_CorrespondingSourceObject: {fileID: 0}
  m_PrefabInternal: {fileID: 100100000}
  m_GameObject: {fileID: 1619019843605730}
  m_LocalRotation: {x: -0.36109668, y: -0.22633223, z: -0.61399287, w: 0.6643762}
  m_LocalPosition: {x: -0.13642101, y: 0.0353055, z: -0.038571972}
  m_LocalScale: {x: 0.99999976, y: 1.0000002, z: 0.9999998}
  m_Children: []
  m_Father: {fileID: 4448956353424300}
  m_RootOrder: 2
  m_LocalEulerAnglesHint: {x: 0, y: 0, z: 0}
--- !u!4 &4563926755414354
Transform:
  m_ObjectHideFlags: 1
  m_CorrespondingSourceObject: {fileID: 0}
  m_PrefabInternal: {fileID: 100100000}
  m_GameObject: {fileID: 1256660252319516}
  m_LocalRotation: {x: 0.0030681365, y: -0.09230618, z: -0.107410006, w: 0.9899158}
  m_LocalPosition: {x: -0.23851672, y: 0, z: 0.00000019073487}
  m_LocalScale: {x: 1.0000063, y: 0.9999994, z: 0.9999938}
  m_Children: []
  m_Father: {fileID: 4261113082279044}
  m_RootOrder: 0
  m_LocalEulerAnglesHint: {x: 0, y: 0, z: 0}
--- !u!4 &4586142538750192
Transform:
  m_ObjectHideFlags: 1
  m_CorrespondingSourceObject: {fileID: 0}
  m_PrefabInternal: {fileID: 100100000}
  m_GameObject: {fileID: 1316330534354130}
  m_LocalRotation: {x: -0.141502, y: 0.98722965, z: -0.054590214, w: -0.048731793}
  m_LocalPosition: {x: -0.0026055337, y: -0.0048086676, z: -0.1061207}
  m_LocalScale: {x: 0.99999964, y: 1.0000005, z: 0.9999999}
  m_Children:
  - {fileID: 4329698234401208}
  m_Father: {fileID: 4795040839356932}
  m_RootOrder: 2
  m_LocalEulerAnglesHint: {x: 0, y: 0, z: 0}
--- !u!4 &4589378111914884
Transform:
  m_ObjectHideFlags: 1
  m_CorrespondingSourceObject: {fileID: 0}
  m_PrefabInternal: {fileID: 100100000}
  m_GameObject: {fileID: 1331044696976526}
  m_LocalRotation: {x: 1.0658131e-13, y: 4.3192755e-13, z: 8.526513e-14, w: 1}
  m_LocalPosition: {x: -0.18275146, y: 0, z: 2.3874238e-13}
  m_LocalScale: {x: 1, y: 1, z: 1}
  m_Children:
  - {fileID: 4057140139312774}
  m_Father: {fileID: 4027436531963228}
  m_RootOrder: 0
  m_LocalEulerAnglesHint: {x: 0, y: 0, z: 0}
--- !u!4 &4601285051323214
Transform:
  m_ObjectHideFlags: 1
  m_CorrespondingSourceObject: {fileID: 0}
  m_PrefabInternal: {fileID: 100100000}
  m_GameObject: {fileID: 1058379156955164}
  m_LocalRotation: {x: 0.008644506, y: -0.0017828479, z: -0.6538083, w: 0.7566088}
  m_LocalPosition: {x: -0.24116819, y: 0.000000047683717, z: 0.000000023841858}
  m_LocalScale: {x: 0.9999974, y: 1.0000031, z: 0.99999994}
  m_Children:
  - {fileID: 4885773808368514}
  m_Father: {fileID: 4399028845711252}
  m_RootOrder: 0
  m_LocalEulerAnglesHint: {x: 0, y: 0, z: 0}
--- !u!4 &4609975004697870
Transform:
  m_ObjectHideFlags: 1
  m_CorrespondingSourceObject: {fileID: 0}
  m_PrefabInternal: {fileID: 100100000}
  m_GameObject: {fileID: 1649652619299798}
  m_LocalRotation: {x: -0.5904584, y: 0.5396426, z: 0.45327032, w: -0.39330757}
  m_LocalPosition: {x: -0.67001, y: 0.127, z: -0.078969}
  m_LocalScale: {x: 0.43749028, y: 0.21972038, z: 0.5589923}
  m_Children: []
  m_Father: {fileID: 4261113082279044}
  m_RootOrder: 1
  m_LocalEulerAnglesHint: {x: -1.4180001, y: -106.24801, z: -96.213005}
--- !u!4 &4610772654663508
Transform:
  m_ObjectHideFlags: 1
  m_CorrespondingSourceObject: {fileID: 0}
  m_PrefabInternal: {fileID: 100100000}
  m_GameObject: {fileID: 1256237592427792}
  m_LocalRotation: {x: 0, y: -0, z: -0, w: 1}
  m_LocalPosition: {x: -0, y: 0.11225066, z: -1.1454195}
  m_LocalScale: {x: 1, y: 1, z: 1}
  m_Children: []
  m_Father: {fileID: 4986539599581874}
  m_RootOrder: 0
  m_LocalEulerAnglesHint: {x: 0, y: 0, z: 0}
--- !u!4 &4611572676960294
Transform:
  m_ObjectHideFlags: 1
  m_CorrespondingSourceObject: {fileID: 0}
  m_PrefabInternal: {fileID: 100100000}
  m_GameObject: {fileID: 1264335756998930}
  m_LocalRotation: {x: -0.42744935, y: -0.38164017, z: 0.6277422, w: 0.5268564}
  m_LocalPosition: {x: -0.74, y: 0.07, z: 0.06}
  m_LocalScale: {x: 0.41652265, y: 0.27988568, z: 0.47919473}
  m_Children: []
  m_Father: {fileID: 4491291094887300}
  m_RootOrder: 1
  m_LocalEulerAnglesHint: {x: 1.6470001, y: -69.915, z: 98.836006}
--- !u!4 &4662690466589514
Transform:
  m_ObjectHideFlags: 1
  m_CorrespondingSourceObject: {fileID: 0}
  m_PrefabInternal: {fileID: 100100000}
  m_GameObject: {fileID: 1124179822717866}
  m_LocalRotation: {x: 0.09017203, y: 0.13190658, z: -0.31254652, w: 0.9363677}
  m_LocalPosition: {x: -0.31652737, y: -0.000000011920929, z: 0.00000019073487}
  m_LocalScale: {x: 0.99999917, y: 1, z: 1.0000008}
  m_Children:
  - {fileID: 4491291094887300}
  m_Father: {fileID: 4238178221514282}
  m_RootOrder: 0
  m_LocalEulerAnglesHint: {x: 0, y: 0, z: 0}
--- !u!4 &4730291130034946
Transform:
  m_ObjectHideFlags: 1
  m_CorrespondingSourceObject: {fileID: 0}
  m_PrefabInternal: {fileID: 100100000}
  m_GameObject: {fileID: 1234028598208576}
  m_LocalRotation: {x: 0.3610966, y: 0.22633216, z: -0.61399275, w: 0.6643764}
  m_LocalPosition: {x: -0.13642101, y: 0.0353055, z: 0.038571984}
  m_LocalScale: {x: 0.9999999, y: 1.0000001, z: 0.99999976}
  m_Children: []
  m_Father: {fileID: 4448956353424300}
  m_RootOrder: 1
  m_LocalEulerAnglesHint: {x: 0, y: 0, z: 0}
--- !u!4 &4734486447496990
Transform:
  m_ObjectHideFlags: 1
  m_CorrespondingSourceObject: {fileID: 0}
  m_PrefabInternal: {fileID: 100100000}
  m_GameObject: {fileID: 1333169754291766}
  m_LocalRotation: {x: 0.000026941296, y: 0.9981479, z: -0.05350504, w: 0.0289472}
  m_LocalPosition: {x: -0.01, y: 2.54, z: -0}
  m_LocalScale: {x: 1.405772, y: 1.4031299, z: 1.4089419}
  m_Children:
  - {fileID: 224572439117447442}
  m_Father: {fileID: 4125171137090674}
  m_RootOrder: 6
  m_LocalEulerAnglesHint: {x: 60.781002, y: 172.552, z: 267.39}
--- !u!4 &4749163094315164
Transform:
  m_ObjectHideFlags: 1
  m_CorrespondingSourceObject: {fileID: 0}
  m_PrefabInternal: {fileID: 100100000}
  m_GameObject: {fileID: 1798006650842504}
  m_LocalRotation: {x: -0, y: -0, z: -0, w: 1}
  m_LocalPosition: {x: 0, y: 0, z: 0}
  m_LocalScale: {x: 1, y: 1, z: 1}
  m_Children: []
  m_Father: {fileID: 4125171137090674}
  m_RootOrder: 5
  m_LocalEulerAnglesHint: {x: 0, y: 0, z: 0}
--- !u!4 &4795040839356932
Transform:
  m_ObjectHideFlags: 1
  m_CorrespondingSourceObject: {fileID: 0}
  m_PrefabInternal: {fileID: 100100000}
  m_GameObject: {fileID: 1806207507829592}
  m_LocalRotation: {x: 0.5, y: -0.5, z: -0.50000006, w: 0.50000006}
  m_LocalPosition: {x: 4.4586557e-14, y: 1.2075155, z: -0.042091977}
  m_LocalScale: {x: 1, y: 1, z: 1}
  m_Children:
  - {fileID: 4808962522821830}
  - {fileID: 4162913826683282}
  - {fileID: 4586142538750192}
  m_Father: {fileID: 4125171137090674}
  m_RootOrder: 0
  m_LocalEulerAnglesHint: {x: 0, y: 0, z: 0}
--- !u!4 &4808962522821830
Transform:
  m_ObjectHideFlags: 1
  m_CorrespondingSourceObject: {fileID: 0}
  m_PrefabInternal: {fileID: 100100000}
  m_GameObject: {fileID: 1690655648940480}
  m_LocalRotation: {x: -3.5527056e-15, y: -3.1271677e-14, z: -2.842171e-14, w: 1}
  m_LocalPosition: {x: -0, y: 0, z: 0}
  m_LocalScale: {x: 1, y: 1, z: 1}
  m_Children:
  - {fileID: 4027436531963228}
  m_Father: {fileID: 4795040839356932}
  m_RootOrder: 0
  m_LocalEulerAnglesHint: {x: 0, y: 0, z: 0}
--- !u!4 &4851563004258514
Transform:
  m_ObjectHideFlags: 1
  m_CorrespondingSourceObject: {fileID: 0}
  m_PrefabInternal: {fileID: 100100000}
  m_GameObject: {fileID: 1984455479350468}
  m_LocalRotation: {x: -0.06706415, y: -0.005722398, z: 0.850823, w: 0.5211237}
  m_LocalPosition: {x: -0.5036163, y: 0, z: 0}
  m_LocalScale: {x: 1.0000046, y: 0.9999952, z: 1}
  m_Children: []
  m_Father: {fileID: 4927951060547498}
  m_RootOrder: 0
  m_LocalEulerAnglesHint: {x: 0, y: 0, z: 0}
--- !u!4 &4885773808368514
Transform:
  m_ObjectHideFlags: 1
  m_CorrespondingSourceObject: {fileID: 0}
  m_PrefabInternal: {fileID: 100100000}
  m_GameObject: {fileID: 1195761389246362}
  m_LocalRotation: {x: 0.0670639, y: 0.005722495, z: 0.8508242, w: 0.5211218}
  m_LocalPosition: {x: -0.50361633, y: -0.000000023841858, z: 0}
  m_LocalScale: {x: 0.9999977, y: 1.0000024, z: 1.0000002}
  m_Children: []
  m_Father: {fileID: 4601285051323214}
  m_RootOrder: 0
  m_LocalEulerAnglesHint: {x: 0, y: 0, z: 0}
--- !u!4 &4908962801670484
Transform:
  m_ObjectHideFlags: 1
  m_CorrespondingSourceObject: {fileID: 0}
  m_PrefabInternal: {fileID: 100100000}
  m_GameObject: {fileID: 1227530661225168}
  m_LocalRotation: {x: -0.0000000027480107, y: 0.000000014319768, z: -0.30439168,
    w: 0.95254695}
  m_LocalPosition: {x: -0.34302482, y: -0.016538305, z: 0.0000000024972324}
  m_LocalScale: {x: 1.0000001, y: 1.0000001, z: 1}
  m_Children:
  - {fileID: 4448956353424300}
  m_Father: {fileID: 4057140139312774}
  m_RootOrder: 2
  m_LocalEulerAnglesHint: {x: 0, y: 0, z: 0}
--- !u!4 &4927951060547498
Transform:
  m_ObjectHideFlags: 1
  m_CorrespondingSourceObject: {fileID: 0}
  m_PrefabInternal: {fileID: 100100000}
  m_GameObject: {fileID: 1076323587292044}
  m_LocalRotation: {x: -0.008822932, y: 0.0018363047, z: -0.6539488, w: 0.7564851}
  m_LocalPosition: {x: -0.24116819, y: 0.000000047683717, z: 0}
  m_LocalScale: {x: 1.0000058, y: 0.99999404, z: 1.0000001}
  m_Children:
  - {fileID: 4851563004258514}
  m_Father: {fileID: 4329698234401208}
  m_RootOrder: 0
  m_LocalEulerAnglesHint: {x: 0, y: 0, z: 0}
--- !u!4 &4958663727880452
Transform:
  m_ObjectHideFlags: 1
  m_CorrespondingSourceObject: {fileID: 0}
  m_PrefabInternal: {fileID: 100100000}
  m_GameObject: {fileID: 1754530756876458}
  m_LocalRotation: {x: -0.28486985, y: -0.6921045, z: 0.28274894, w: 0.5999113}
  m_LocalPosition: {x: -0.23579656, y: 0.14620899, z: -0.063018516}
  m_LocalScale: {x: 1, y: 1, z: 0.9999998}
  m_Children:
  - {fileID: 4988812400147966}
  m_Father: {fileID: 4057140139312774}
  m_RootOrder: 1
  m_LocalEulerAnglesHint: {x: 0, y: 0, z: 0}
--- !u!4 &4971734219639074
Transform:
  m_ObjectHideFlags: 1
  m_CorrespondingSourceObject: {fileID: 0}
  m_PrefabInternal: {fileID: 100100000}
  m_GameObject: {fileID: 1210790956305098}
  m_LocalRotation: {x: 0.70625573, y: -0.03470128, z: -0.7062538, w: 0.034701694}
  m_LocalPosition: {x: -0.16881794, y: 0.00000034272733, z: -0.0000003683385}
  m_LocalScale: {x: 0.15000027, y: 0.15000036, z: 0.24116836}
  m_Children: []
  m_Father: {fileID: 4329698234401208}
  m_RootOrder: 1
  m_LocalEulerAnglesHint: {x: 0, y: 0, z: 0}
--- !u!4 &4986539599581874
Transform:
  m_ObjectHideFlags: 1
  m_CorrespondingSourceObject: {fileID: 0}
  m_PrefabInternal: {fileID: 100100000}
  m_GameObject: {fileID: 1619750409294930}
  m_LocalRotation: {x: -0.7071068, y: 0, z: -0, w: 0.7071068}
  m_LocalPosition: {x: -0, y: 1.1454195, z: 0.11225066}
  m_LocalScale: {x: 1, y: 1, z: 1}
  m_Children:
  - {fileID: 4610772654663508}
  - {fileID: 4352078474024042}
  m_Father: {fileID: 4125171137090674}
  m_RootOrder: 3
  m_LocalEulerAnglesHint: {x: 0, y: 0, z: 0}
--- !u!4 &4988812400147966
Transform:
  m_ObjectHideFlags: 1
  m_CorrespondingSourceObject: {fileID: 0}
  m_PrefabInternal: {fileID: 100100000}
  m_GameObject: {fileID: 1293981939949680}
  m_LocalRotation: {x: -0.09017213, y: -0.13190693, z: -0.31254652, w: 0.9363676}
  m_LocalPosition: {x: -0.31652746, y: 0, z: 0}
  m_LocalScale: {x: 0.99999905, y: 1, z: 1.0000008}
  m_Children:
  - {fileID: 4261113082279044}
  m_Father: {fileID: 4958663727880452}
  m_RootOrder: 0
  m_LocalEulerAnglesHint: {x: 0, y: 0, z: 0}
--- !u!23 &23407553842368654
MeshRenderer:
  m_ObjectHideFlags: 1
  m_CorrespondingSourceObject: {fileID: 0}
  m_PrefabInternal: {fileID: 100100000}
  m_GameObject: {fileID: 1180183600577188}
  m_Enabled: 1
  m_CastShadows: 1
  m_ReceiveShadows: 1
  m_DynamicOccludee: 1
  m_MotionVectors: 1
  m_LightProbeUsage: 1
  m_ReflectionProbeUsage: 1
  m_RenderingLayerMask: 4294967295
  m_Materials:
  - {fileID: 2100000, guid: d7229c1a5e7a1e0408e3dc06a75c38d1, type: 2}
  m_StaticBatchInfo:
    firstSubMesh: 0
    subMeshCount: 0
  m_StaticBatchRoot: {fileID: 0}
  m_ProbeAnchor: {fileID: 0}
  m_LightProbeVolumeOverride: {fileID: 0}
  m_ScaleInLightmap: 1
  m_PreserveUVs: 0
  m_IgnoreNormalsForChartDetection: 0
  m_ImportantGI: 0
  m_StitchLightmapSeams: 0
  m_SelectedEditorRenderState: 3
  m_MinimumChartSize: 4
  m_AutoUVMaxDistance: 0.5
  m_AutoUVMaxAngle: 89
  m_LightmapParameters: {fileID: 0}
  m_SortingLayerID: 0
  m_SortingLayer: 0
  m_SortingOrder: 0
--- !u!33 &33192784084860482
MeshFilter:
  m_ObjectHideFlags: 1
  m_CorrespondingSourceObject: {fileID: 0}
  m_PrefabInternal: {fileID: 100100000}
  m_GameObject: {fileID: 1180183600577188}
  m_Mesh: {fileID: 4300000, guid: 9c679acbf03f97246ab8c5023cb14ab2, type: 3}
--- !u!54 &54688912794015568
Rigidbody:
  m_ObjectHideFlags: 1
  m_CorrespondingSourceObject: {fileID: 0}
  m_PrefabInternal: {fileID: 100100000}
  m_GameObject: {fileID: 1079901903511716}
  serializedVersion: 2
  m_Mass: 50
  m_Drag: 0
  m_AngularDrag: 0.05
  m_UseGravity: 1
  m_IsKinematic: 0
  m_Interpolate: 0
  m_Constraints: 112
  m_CollisionDetection: 1
--- !u!65 &65142346966985762
BoxCollider:
  m_ObjectHideFlags: 1
  m_CorrespondingSourceObject: {fileID: 0}
  m_PrefabInternal: {fileID: 100100000}
  m_GameObject: {fileID: 1181977090081132}
  m_Material: {fileID: 0}
  m_IsTrigger: 0
  m_Enabled: 1
  serializedVersion: 2
  m_Size: {x: 1, y: 1, z: 1}
  m_Center: {x: 0, y: 0, z: 0}
--- !u!65 &65151217030004502
BoxCollider:
  m_ObjectHideFlags: 1
  m_CorrespondingSourceObject: {fileID: 0}
  m_PrefabInternal: {fileID: 100100000}
  m_GameObject: {fileID: 1210790956305098}
  m_Material: {fileID: 0}
  m_IsTrigger: 0
  m_Enabled: 1
  serializedVersion: 2
  m_Size: {x: 1, y: 1, z: 1}
  m_Center: {x: 0, y: 0, z: 0}
--- !u!65 &65480859741691960
BoxCollider:
  m_ObjectHideFlags: 1
  m_CorrespondingSourceObject: {fileID: 0}
  m_PrefabInternal: {fileID: 100100000}
  m_GameObject: {fileID: 1649652619299798}
  m_Material: {fileID: 0}
  m_IsTrigger: 0
  m_Enabled: 1
  serializedVersion: 2
  m_Size: {x: 1, y: 1, z: 1}
  m_Center: {x: 0, y: 0, z: 0}
--- !u!65 &65731874155661424
BoxCollider:
  m_ObjectHideFlags: 1
  m_CorrespondingSourceObject: {fileID: 0}
  m_PrefabInternal: {fileID: 100100000}
  m_GameObject: {fileID: 1264335756998930}
  m_Material: {fileID: 0}
  m_IsTrigger: 0
  m_Enabled: 1
  serializedVersion: 2
  m_Size: {x: 1, y: 1, z: 1}
  m_Center: {x: 0, y: 0, z: 0}
--- !u!95 &95241199920690242
Animator:
  serializedVersion: 3
  m_ObjectHideFlags: 1
  m_CorrespondingSourceObject: {fileID: 0}
  m_PrefabInternal: {fileID: 100100000}
  m_GameObject: {fileID: 1079901903511716}
  m_Enabled: 1
  m_Avatar: {fileID: 9000000, guid: 9c679acbf03f97246ab8c5023cb14ab2, type: 3}
  m_Controller: {fileID: 9100000, guid: c46c77c61db7df9479f9bdbcdcde9862, type: 2}
  m_CullingMode: 1
  m_UpdateMode: 0
  m_ApplyRootMotion: 1
  m_LinearVelocityBlending: 0
  m_WarningMessage: 
  m_HasTransformHierarchy: 1
  m_AllowConstantClipSamplingOptimization: 1
  m_KeepAnimatorControllerStateOnDisable: 0
--- !u!114 &114033421734166690
MonoBehaviour:
  m_ObjectHideFlags: 1
  m_CorrespondingSourceObject: {fileID: 0}
  m_PrefabInternal: {fileID: 100100000}
  m_GameObject: {fileID: 1316130370073986}
  m_Enabled: 1
  m_EditorHideFlags: 0
  m_Script: {fileID: 708705254, guid: f5f67c52d1564df4a8936ccd202a3bd8, type: 3}
  m_Name: 
  m_EditorClassIdentifier: 
  m_Material: {fileID: 0}
  m_Color: {r: 1, g: 1, b: 1, a: 1}
  m_RaycastTarget: 1
  m_OnCullStateChanged:
    m_PersistentCalls:
      m_Calls: []
    m_TypeName: UnityEngine.UI.MaskableGraphic+CullStateChangedEvent, UnityEngine.UI,
      Version=1.0.0.0, Culture=neutral, PublicKeyToken=null
  m_FontData:
    m_Font: {fileID: 12800000, guid: a8f74dbf0f81e504bbbdf3f6063e1047, type: 3}
    m_FontSize: 82
    m_FontStyle: 0
    m_BestFit: 1
    m_MinSize: 1
    m_MaxSize: 82
    m_Alignment: 0
    m_AlignByGeometry: 0
    m_RichText: 1
    m_HorizontalOverflow: 0
    m_VerticalOverflow: 0
    m_LineSpacing: 1
  m_Text: 
--- !u!114 &114058789328042842
MonoBehaviour:
  m_ObjectHideFlags: 1
  m_CorrespondingSourceObject: {fileID: 0}
  m_PrefabInternal: {fileID: 100100000}
  m_GameObject: {fileID: 1181977090081132}
  m_Enabled: 1
  m_EditorHideFlags: 0
  m_Script: {fileID: 11500000, guid: fb97f58541b05b24ab37661346298ff2, type: 3}
  m_Name: 
  m_EditorClassIdentifier: 
  attackObject: {fileID: 0}
  trigger: {fileID: 65142346966985762}
  damagePercentage: 100
  triggerType: 3
--- !u!114 &114068245222797400
MonoBehaviour:
  m_ObjectHideFlags: 1
  m_CorrespondingSourceObject: {fileID: 0}
  m_PrefabInternal: {fileID: 100100000}
  m_GameObject: {fileID: 1423890194969342}
  m_Enabled: 1
  m_EditorHideFlags: 0
  m_Script: {fileID: 1980459831, guid: f5f67c52d1564df4a8936ccd202a3bd8, type: 3}
  m_Name: 
  m_EditorClassIdentifier: 
  m_UiScaleMode: 0
  m_ReferencePixelsPerUnit: 100
  m_ScaleFactor: 1
  m_ReferenceResolution: {x: 800, y: 600}
  m_ScreenMatchMode: 0
  m_MatchWidthOrHeight: 0
  m_PhysicalUnit: 3
  m_FallbackScreenDPI: 96
  m_DefaultSpriteDPI: 96
  m_DynamicPixelsPerUnit: 1
--- !u!114 &114087873459359312
MonoBehaviour:
  m_ObjectHideFlags: 1
  m_CorrespondingSourceObject: {fileID: 0}
  m_PrefabInternal: {fileID: 100100000}
  m_GameObject: {fileID: 1423890194969342}
  m_Enabled: 1
  m_EditorHideFlags: 0
  m_Script: {fileID: 1301386320, guid: f5f67c52d1564df4a8936ccd202a3bd8, type: 3}
  m_Name: 
  m_EditorClassIdentifier: 
  m_IgnoreReversedGraphics: 1
  m_BlockingObjects: 0
  m_BlockingMask:
    serializedVersion: 2
    m_Bits: 4294967295
--- !u!114 &114098752283404572
MonoBehaviour:
  m_ObjectHideFlags: 1
  m_CorrespondingSourceObject: {fileID: 0}
  m_PrefabInternal: {fileID: 100100000}
  m_GameObject: {fileID: 1798006650842504}
  m_Enabled: 1
  m_EditorHideFlags: 0
  m_Script: {fileID: 11500000, guid: 42381ed76ee21ea4d8a98326c61ef09d, type: 3}
  m_Name: 
  m_EditorClassIdentifier: 
  passiveToDamage: 0
  tagsToDetect:
  - Player
  obstacleLayer:
    serializedVersion: 2
    m_Bits: 1
  getFromDistance: 0
  targetsInArea: []
--- !u!114 &114221520895681418
MonoBehaviour:
  m_ObjectHideFlags: 1
  m_CorrespondingSourceObject: {fileID: 0}
  m_PrefabInternal: {fileID: 100100000}
  m_GameObject: {fileID: 1001196697487552}
  m_Enabled: 1
  m_EditorHideFlags: 0
  m_Script: {fileID: 11500000, guid: c0befb9e9384ab34d9dfc9d3cabf04b3, type: 3}
  m_Name: 
  m_EditorClassIdentifier: 
  damage:
    damageValue: 0
    staminaBlockCost: 0
    staminaRecoveryDelay: 0
    ignoreDefense: 0
    activeRagdoll: 0
    sender: {fileID: 0}
    receiver: {fileID: 0}
    hitPosition: {x: 0, y: 0, z: 0}
    recoil_id: 0
    reaction_id: 0
    attackName: 
  hitBoxes:
  - {fileID: 114058789328042842}
  damageModifier: 0
  canApplyDamage: 0
  onDamageHit:
    m_PersistentCalls:
      m_Calls: []
    m_TypeName: OnHitEnter, Assembly-CSharp, Version=0.0.0.0, Culture=neutral, PublicKeyToken=null
  onRecoilHit:
    m_PersistentCalls:
      m_Calls: []
    m_TypeName: OnHitEnter, Assembly-CSharp, Version=0.0.0.0, Culture=neutral, PublicKeyToken=null
  onEnableDamage:
    m_PersistentCalls:
      m_Calls: []
    m_TypeName: UnityEngine.Events.UnityEvent, UnityEngine.CoreModule, Version=0.0.0.0,
      Culture=neutral, PublicKeyToken=null
  onDisableDamage:
    m_PersistentCalls:
      m_Calls: []
    m_TypeName: UnityEngine.Events.UnityEvent, UnityEngine.CoreModule, Version=0.0.0.0,
      Culture=neutral, PublicKeyToken=null
  meleeManager: {fileID: 0}
--- !u!114 &114265462029978746
MonoBehaviour:
  m_ObjectHideFlags: 1
  m_CorrespondingSourceObject: {fileID: 0}
  m_PrefabInternal: {fileID: 100100000}
  m_GameObject: {fileID: 1333169754291766}
  m_Enabled: 1
  m_EditorHideFlags: 0
  m_Script: {fileID: 11500000, guid: 8553221e1fc915c49b36f6e633dffaff, type: 3}
  m_Name: 
  m_EditorClassIdentifier: 
  iChar: {fileID: 114957201032137278}
  healthSlider: {fileID: 114917524583121194}
  damageDelay: {fileID: 114564030972567122}
  smoothDamageDelay: 0.5
  damageCounter: {fileID: 114033421734166690}
  damageCounterTimer: 1.5
--- !u!114 &114282594436209368
MonoBehaviour:
  m_ObjectHideFlags: 1
  m_CorrespondingSourceObject: {fileID: 0}
  m_PrefabInternal: {fileID: 100100000}
  m_GameObject: {fileID: 1210790956305098}
  m_Enabled: 1
  m_EditorHideFlags: 0
  m_Script: {fileID: 11500000, guid: fb97f58541b05b24ab37661346298ff2, type: 3}
  m_Name: 
  m_EditorClassIdentifier: 
  attackObject: {fileID: 0}
  trigger: {fileID: 65151217030004502}
  damagePercentage: 100
  triggerType: 3
--- !u!114 &114310905272698010
MonoBehaviour:
  m_ObjectHideFlags: 1
  m_CorrespondingSourceObject: {fileID: 0}
  m_PrefabInternal: {fileID: 100100000}
  m_GameObject: {fileID: 1669173376839258}
  m_Enabled: 1
  m_EditorHideFlags: 0
  m_Script: {fileID: -765806418, guid: f5f67c52d1564df4a8936ccd202a3bd8, type: 3}
  m_Name: 
  m_EditorClassIdentifier: 
  m_Material: {fileID: 0}
  m_Color: {r: 1, g: 0.23921569, b: 0.23921569, a: 1}
  m_RaycastTarget: 1
  m_OnCullStateChanged:
    m_PersistentCalls:
      m_Calls: []
    m_TypeName: UnityEngine.UI.MaskableGraphic+CullStateChangedEvent, UnityEngine.UI,
      Version=1.0.0.0, Culture=neutral, PublicKeyToken=null
  m_Sprite: {fileID: 21300000, guid: 2543085bfa25fdf4e83209d086ee24be, type: 3}
  m_Type: 0
  m_PreserveAspect: 0
  m_FillCenter: 1
  m_FillMethod: 0
  m_FillAmount: 1
  m_FillClockwise: 1
  m_FillOrigin: 0
--- !u!114 &114424756932761866
MonoBehaviour:
  m_ObjectHideFlags: 1
  m_CorrespondingSourceObject: {fileID: 0}
  m_PrefabInternal: {fileID: 100100000}
  m_GameObject: {fileID: 1762288707961168}
  m_Enabled: 1
  m_EditorHideFlags: 0
  m_Script: {fileID: -765806418, guid: f5f67c52d1564df4a8936ccd202a3bd8, type: 3}
  m_Name: 
  m_EditorClassIdentifier: 
  m_Material: {fileID: 0}
  m_Color: {r: 1, g: 1, b: 1, a: 1}
  m_RaycastTarget: 1
  m_OnCullStateChanged:
    m_PersistentCalls:
      m_Calls: []
    m_TypeName: UnityEngine.UI.MaskableGraphic+CullStateChangedEvent, UnityEngine.UI,
      Version=1.0.0.0, Culture=neutral, PublicKeyToken=null
  m_Sprite: {fileID: 21300000, guid: 2543085bfa25fdf4e83209d086ee24be, type: 3}
  m_Type: 0
  m_PreserveAspect: 0
  m_FillCenter: 1
  m_FillMethod: 4
  m_FillAmount: 1
  m_FillClockwise: 1
  m_FillOrigin: 0
--- !u!114 &114427095994612200
MonoBehaviour:
  m_ObjectHideFlags: 1
  m_CorrespondingSourceObject: {fileID: 0}
  m_PrefabInternal: {fileID: 100100000}
  m_GameObject: {fileID: 1447827502968006}
  m_Enabled: 1
  m_EditorHideFlags: 0
  m_Script: {fileID: 11500000, guid: c0befb9e9384ab34d9dfc9d3cabf04b3, type: 3}
  m_Name: 
  m_EditorClassIdentifier: 
  damage:
    damageValue: 0
    staminaBlockCost: 0
    staminaRecoveryDelay: 0
    ignoreDefense: 0
    activeRagdoll: 0
    sender: {fileID: 0}
    receiver: {fileID: 0}
    hitPosition: {x: 0, y: 0, z: 0}
    recoil_id: 0
    reaction_id: 0
    attackName: 
  hitBoxes:
  - {fileID: 114282594436209368}
  damageModifier: 0
  canApplyDamage: 0
  onDamageHit:
    m_PersistentCalls:
      m_Calls: []
    m_TypeName: OnHitEnter, Assembly-CSharp, Version=0.0.0.0, Culture=neutral, PublicKeyToken=null
  onRecoilHit:
    m_PersistentCalls:
      m_Calls: []
    m_TypeName: OnHitEnter, Assembly-CSharp, Version=0.0.0.0, Culture=neutral, PublicKeyToken=null
  onEnableDamage:
    m_PersistentCalls:
      m_Calls: []
    m_TypeName: UnityEngine.Events.UnityEvent, UnityEngine.CoreModule, Version=0.0.0.0,
      Culture=neutral, PublicKeyToken=null
  onDisableDamage:
    m_PersistentCalls:
      m_Calls: []
    m_TypeName: UnityEngine.Events.UnityEvent, UnityEngine.CoreModule, Version=0.0.0.0,
      Culture=neutral, PublicKeyToken=null
  meleeManager: {fileID: 0}
--- !u!114 &114564030972567122
MonoBehaviour:
  m_ObjectHideFlags: 1
  m_CorrespondingSourceObject: {fileID: 0}
  m_PrefabInternal: {fileID: 100100000}
  m_GameObject: {fileID: 1908453399292504}
  m_Enabled: 1
  m_EditorHideFlags: 0
  m_Script: {fileID: -113659843, guid: f5f67c52d1564df4a8936ccd202a3bd8, type: 3}
  m_Name: 
  m_EditorClassIdentifier: 
  m_Navigation:
    m_Mode: 0
    m_SelectOnUp: {fileID: 0}
    m_SelectOnDown: {fileID: 0}
    m_SelectOnLeft: {fileID: 0}
    m_SelectOnRight: {fileID: 0}
  m_Transition: 0
  m_Colors:
    m_NormalColor: {r: 1, g: 1, b: 1, a: 1}
    m_HighlightedColor: {r: 0.9607843, g: 0.9607843, b: 0.9607843, a: 1}
    m_PressedColor: {r: 0.78431374, g: 0.78431374, b: 0.78431374, a: 1}
    m_DisabledColor: {r: 0.78431374, g: 0.78431374, b: 0.78431374, a: 0.5019608}
    m_ColorMultiplier: 1
    m_FadeDuration: 1
  m_SpriteState:
    m_HighlightedSprite: {fileID: 0}
    m_PressedSprite: {fileID: 0}
    m_DisabledSprite: {fileID: 0}
  m_AnimationTriggers:
    m_NormalTrigger: Normal
    m_HighlightedTrigger: Highlighted
    m_PressedTrigger: Pressed
    m_DisabledTrigger: Disabled
  m_Interactable: 0
  m_TargetGraphic: {fileID: 0}
  m_FillRect: {fileID: 224717727908864358}
  m_HandleRect: {fileID: 0}
  m_Direction: 0
  m_MinValue: 0
  m_MaxValue: 60
  m_WholeNumbers: 0
  m_Value: 60
  m_OnValueChanged:
    m_PersistentCalls:
      m_Calls: []
    m_TypeName: UnityEngine.UI.Slider+SliderEvent, UnityEngine.UI, Version=1.0.0.0,
      Culture=neutral, PublicKeyToken=null
--- !u!114 &114572423442568220
MonoBehaviour:
  m_ObjectHideFlags: 1
  m_CorrespondingSourceObject: {fileID: 0}
  m_PrefabInternal: {fileID: 100100000}
  m_GameObject: {fileID: 1079901903511716}
  m_Enabled: 1
  m_EditorHideFlags: 0
  m_Script: {fileID: 11500000, guid: 9d3efef3ad62cd548b0f85eb11858ed1, type: 3}
  m_Name: 
  m_EditorClassIdentifier: 
  openCloseEvents: 0
  openCloseWindow: 1
  selectedToolbar: 0
  defaultHitEffect: {fileID: 120346, guid: b8f2fe1ee1a01724cb72f5b0e6bd2eef, type: 2}
  customHitEffects: []
--- !u!114 &114681320402233470
MonoBehaviour:
  m_ObjectHideFlags: 1
  m_CorrespondingSourceObject: {fileID: 0}
  m_PrefabInternal: {fileID: 100100000}
  m_GameObject: {fileID: 1734367271516176}
  m_Enabled: 1
  m_EditorHideFlags: 0
  m_Script: {fileID: 11500000, guid: c0befb9e9384ab34d9dfc9d3cabf04b3, type: 3}
  m_Name: 
  m_EditorClassIdentifier: 
  damage:
    damageValue: 0
    staminaBlockCost: 0
    staminaRecoveryDelay: 0
    ignoreDefense: 0
    activeRagdoll: 0
    sender: {fileID: 0}
    receiver: {fileID: 0}
    hitPosition: {x: 0, y: 0, z: 0}
    recoil_id: 0
    reaction_id: 0
    attackName: 
  hitBoxes:
  - {fileID: 114925079684391228}
  damageModifier: 0
  canApplyDamage: 0
  onDamageHit:
    m_PersistentCalls:
      m_Calls: []
    m_TypeName: OnHitEnter, Assembly-CSharp, Version=0.0.0.0, Culture=neutral, PublicKeyToken=null
  onRecoilHit:
    m_PersistentCalls:
      m_Calls: []
    m_TypeName: OnHitEnter, Assembly-CSharp, Version=0.0.0.0, Culture=neutral, PublicKeyToken=null
  onEnableDamage:
    m_PersistentCalls:
      m_Calls: []
    m_TypeName: UnityEngine.Events.UnityEvent, UnityEngine.CoreModule, Version=0.0.0.0,
      Culture=neutral, PublicKeyToken=null
  onDisableDamage:
    m_PersistentCalls:
      m_Calls: []
    m_TypeName: UnityEngine.Events.UnityEvent, UnityEngine.CoreModule, Version=0.0.0.0,
      Culture=neutral, PublicKeyToken=null
  meleeManager: {fileID: 0}
--- !u!114 &114766491682000036
MonoBehaviour:
  m_ObjectHideFlags: 1
  m_CorrespondingSourceObject: {fileID: 0}
  m_PrefabInternal: {fileID: 100100000}
  m_GameObject: {fileID: 1753536558147860}
  m_Enabled: 1
  m_EditorHideFlags: 0
  m_Script: {fileID: -765806418, guid: f5f67c52d1564df4a8936ccd202a3bd8, type: 3}
  m_Name: 
  m_EditorClassIdentifier: 
  m_Material: {fileID: 0}
  m_Color: {r: 0.057758622, g: 0.49264705, b: 0, a: 1}
  m_RaycastTarget: 1
  m_OnCullStateChanged:
    m_PersistentCalls:
      m_Calls: []
    m_TypeName: UnityEngine.UI.MaskableGraphic+CullStateChangedEvent, UnityEngine.UI,
      Version=1.0.0.0, Culture=neutral, PublicKeyToken=null
  m_Sprite: {fileID: 21300000, guid: 2543085bfa25fdf4e83209d086ee24be, type: 3}
  m_Type: 0
  m_PreserveAspect: 0
  m_FillCenter: 1
  m_FillMethod: 0
  m_FillAmount: 1
  m_FillClockwise: 1
  m_FillOrigin: 0
--- !u!114 &114806997323179772
MonoBehaviour:
  m_ObjectHideFlags: 1
  m_CorrespondingSourceObject: {fileID: 0}
  m_PrefabInternal: {fileID: 100100000}
  m_GameObject: {fileID: 1213141336999562}
  m_Enabled: 1
  m_EditorHideFlags: 0
  m_Script: {fileID: 11500000, guid: c0befb9e9384ab34d9dfc9d3cabf04b3, type: 3}
  m_Name: 
  m_EditorClassIdentifier: 
  damage:
    damageValue: 0
    staminaBlockCost: 0
    staminaRecoveryDelay: 0
    ignoreDefense: 0
    activeRagdoll: 0
    sender: {fileID: 0}
    receiver: {fileID: 0}
    hitPosition: {x: 0, y: 0, z: 0}
    recoil_id: 0
    reaction_id: 0
    attackName: 
  hitBoxes:
  - {fileID: 114880505955986776}
  damageModifier: 0
  canApplyDamage: 0
  onDamageHit:
    m_PersistentCalls:
      m_Calls: []
    m_TypeName: OnHitEnter, Assembly-CSharp, Version=0.0.0.0, Culture=neutral, PublicKeyToken=null
  onRecoilHit:
    m_PersistentCalls:
      m_Calls: []
    m_TypeName: OnHitEnter, Assembly-CSharp, Version=0.0.0.0, Culture=neutral, PublicKeyToken=null
  onEnableDamage:
    m_PersistentCalls:
      m_Calls: []
    m_TypeName: UnityEngine.Events.UnityEvent, UnityEngine.CoreModule, Version=0.0.0.0,
      Culture=neutral, PublicKeyToken=null
  onDisableDamage:
    m_PersistentCalls:
      m_Calls: []
    m_TypeName: UnityEngine.Events.UnityEvent, UnityEngine.CoreModule, Version=0.0.0.0,
      Culture=neutral, PublicKeyToken=null
  meleeManager: {fileID: 0}
--- !u!114 &114843030631749682
MonoBehaviour:
  m_ObjectHideFlags: 1
  m_CorrespondingSourceObject: {fileID: 0}
  m_PrefabInternal: {fileID: 100100000}
  m_GameObject: {fileID: 1079901903511716}
  m_Enabled: 1
  m_EditorHideFlags: 0
  m_Script: {fileID: 11500000, guid: c11b181c688f7664aba8ba5b38942ac9, type: 3}
  m_Name: 
  m_EditorClassIdentifier: 
  openCloseEvents: 0
  openCloseWindow: 1
  selectedToolbar: 0
  Members:
  - transform: {fileID: 4491291094887300}
    bodyPart: LeftLowerArm
    attackObject: {fileID: 114681320402233470}
    isHuman: 1
  - transform: {fileID: 4261113082279044}
    bodyPart: RightLowerArm
    attackObject: {fileID: 114806997323179772}
    isHuman: 1
  - transform: {fileID: 4399028845711252}
    bodyPart: LeftLowerLeg
    attackObject: {fileID: 114221520895681418}
    isHuman: 1
  - transform: {fileID: 4329698234401208}
    bodyPart: RightLowerLeg
    attackObject: {fileID: 114427095994612200}
    isHuman: 1
  defaultDamage:
    damageValue: 10
    staminaBlockCost: 5
    staminaRecoveryDelay: 1
    ignoreDefense: 0
    activeRagdoll: 0
    sender: {fileID: 0}
    receiver: {fileID: 0}
    hitPosition: {x: 0, y: 0, z: 0}
    recoil_id: 0
    reaction_id: 0
    attackName: 
  hitProperties:
    hitDamageTags:
    - Player
    useRecoil: 1
    drawRecoilGizmos: 0
    recoilRange: 90
    hitRecoilLayer:
      serializedVersion: 2
      m_Bits: 1
  leftWeapon: {fileID: 0}
  rightWeapon: {fileID: 0}
  onDamageHit:
    m_PersistentCalls:
      m_Calls: []
    m_TypeName: vOnHitEvent, Assembly-CSharp, Version=0.0.0.0, Culture=neutral, PublicKeyToken=null
  onRecoilHit:
    m_PersistentCalls:
      m_Calls: []
    m_TypeName: vOnHitEvent, Assembly-CSharp, Version=0.0.0.0, Culture=neutral, PublicKeyToken=null
  defaultAttackDistance: 1
  defaultStaminaCost: 20
  defaultStaminaRecoveryDelay: 1
  defaultDefenseRate: 50
  defaultDefenseRange: 90
--- !u!114 &114880505955986776
MonoBehaviour:
  m_ObjectHideFlags: 1
  m_CorrespondingSourceObject: {fileID: 0}
  m_PrefabInternal: {fileID: 100100000}
  m_GameObject: {fileID: 1649652619299798}
  m_Enabled: 1
  m_EditorHideFlags: 0
  m_Script: {fileID: 11500000, guid: fb97f58541b05b24ab37661346298ff2, type: 3}
  m_Name: 
  m_EditorClassIdentifier: 
  attackObject: {fileID: 0}
  trigger: {fileID: 65480859741691960}
  damagePercentage: 100
  triggerType: 3
--- !u!114 &114900111809866230
MonoBehaviour:
  m_ObjectHideFlags: 1
  m_CorrespondingSourceObject: {fileID: 0}
  m_PrefabInternal: {fileID: 100100000}
  m_GameObject: {fileID: 1079901903511716}
  m_Enabled: 1
  m_EditorHideFlags: 0
  m_Script: {fileID: 11500000, guid: 54d76107ccc5bf24b9863c2179f13dba, type: 3}
  m_Name: 
  m_EditorClassIdentifier: 
  OnDead:
    m_PersistentCalls:
      m_Calls: []
    m_TypeName: UnityEngine.Events.UnityEvent, UnityEngine.CoreModule, Version=0.0.0.0,
      Culture=neutral, PublicKeyToken=null
--- !u!114 &114917524583121194
MonoBehaviour:
  m_ObjectHideFlags: 1
  m_CorrespondingSourceObject: {fileID: 0}
  m_PrefabInternal: {fileID: 100100000}
  m_GameObject: {fileID: 1431914464224180}
  m_Enabled: 1
  m_EditorHideFlags: 0
  m_Script: {fileID: -113659843, guid: f5f67c52d1564df4a8936ccd202a3bd8, type: 3}
  m_Name: 
  m_EditorClassIdentifier: 
  m_Navigation:
    m_Mode: 0
    m_SelectOnUp: {fileID: 0}
    m_SelectOnDown: {fileID: 0}
    m_SelectOnLeft: {fileID: 0}
    m_SelectOnRight: {fileID: 0}
  m_Transition: 0
  m_Colors:
    m_NormalColor: {r: 1, g: 1, b: 1, a: 1}
    m_HighlightedColor: {r: 0.9607843, g: 0.9607843, b: 0.9607843, a: 1}
    m_PressedColor: {r: 0.78431374, g: 0.78431374, b: 0.78431374, a: 1}
    m_DisabledColor: {r: 0.78431374, g: 0.78431374, b: 0.78431374, a: 0.5019608}
    m_ColorMultiplier: 1
    m_FadeDuration: 0.1
  m_SpriteState:
    m_HighlightedSprite: {fileID: 0}
    m_PressedSprite: {fileID: 0}
    m_DisabledSprite: {fileID: 0}
  m_AnimationTriggers:
    m_NormalTrigger: Normal
    m_HighlightedTrigger: Highlighted
    m_PressedTrigger: Pressed
    m_DisabledTrigger: Disabled
  m_Interactable: 0
  m_TargetGraphic: {fileID: 0}
  m_FillRect: {fileID: 224264875744377246}
  m_HandleRect: {fileID: 0}
  m_Direction: 0
  m_MinValue: 0
  m_MaxValue: 60
  m_WholeNumbers: 0
  m_Value: 60
  m_OnValueChanged:
    m_PersistentCalls:
      m_Calls: []
    m_TypeName: UnityEngine.UI.Slider+SliderEvent, UnityEngine.UI, Version=1.0.0.0,
      Culture=neutral, PublicKeyToken=null
--- !u!114 &114925079684391228
MonoBehaviour:
  m_ObjectHideFlags: 1
  m_CorrespondingSourceObject: {fileID: 0}
  m_PrefabInternal: {fileID: 100100000}
  m_GameObject: {fileID: 1264335756998930}
  m_Enabled: 1
  m_EditorHideFlags: 0
  m_Script: {fileID: 11500000, guid: fb97f58541b05b24ab37661346298ff2, type: 3}
  m_Name: 
  m_EditorClassIdentifier: 
  attackObject: {fileID: 0}
  trigger: {fileID: 65731874155661424}
  damagePercentage: 100
  triggerType: 3
--- !u!114 &114957201032137278
MonoBehaviour:
  m_ObjectHideFlags: 1
  m_CorrespondingSourceObject: {fileID: 0}
  m_PrefabInternal: {fileID: 100100000}
  m_GameObject: {fileID: 1079901903511716}
  m_Enabled: 1
  m_EditorHideFlags: 0
  m_Script: {fileID: 11500000, guid: 4ed68e2fa3a670145a76a285dc78d116, type: 3}
  m_Name: 
  m_EditorClassIdentifier: 
  openCloseEvents: 0
  openCloseWindow: 1
  selectedToolbar: 0
  maxHealth: 300
  healthRecovery: 0
  maxStamina: 400
  staminaRecovery: 1.2
  currentStaminaRecoveryDelay: 0
  healthRecoveryDelay: 0
  currentHealthRecoveryDelay: 0
  currentStamina: 0
  currentHealth: 100
  deathBy: 0
  removeComponentsAfterDie: 0
  onReceiveDamage:
    m_PersistentCalls:
      m_Calls: []
    m_TypeName: TPS.CharacterController.OnReceiveDamage, Assembly-CSharp, Version=0.0.0.0,
      Culture=neutral, PublicKeyToken=null
  onDead:
    m_PersistentCalls:
      m_Calls: []
    m_TypeName: TPS.CharacterController.OnDead, Assembly-CSharp, Version=0.0.0.0,
      Culture=neutral, PublicKeyToken=null
  onActiveRagdoll:
    m_PersistentCalls:
      m_Calls: []
    m_TypeName: TPS.CharacterController.OnActiveRagdoll, Assembly-CSharp, Version=0.0.0.0,
      Culture=neutral, PublicKeyToken=null
  onActionEnter:
    m_PersistentCalls:
      m_Calls: []
    m_TypeName: TPS.CharacterController.OnActionHandle, Assembly-CSharp, Version=0.0.0.0,
      Culture=neutral, PublicKeyToken=null
  onActionStay:
    m_PersistentCalls:
      m_Calls: []
    m_TypeName: TPS.CharacterController.OnActionHandle, Assembly-CSharp, Version=0.0.0.0,
      Culture=neutral, PublicKeyToken=null
  onActionExit:
    m_PersistentCalls:
      m_Calls: []
    m_TypeName: TPS.CharacterController.OnActionHandle, Assembly-CSharp, Version=0.0.0.0,
      Culture=neutral, PublicKeyToken=null
  groundLayer:
    serializedVersion: 2
    m_Bits: 1
  groundCheckDistance: 0.5
  autoCrouchLayer:
    serializedVersion: 2
    m_Bits: 1
  headDetect: 0.95
  patrolSpeed: 1.5
  chaseSpeed: 1.5
  strafeSpeed: 1.5
  sphereSensor: {fileID: 0}
  tagsToDetect:
  - Player
  currentState: 1
  drawAgentPath: 0
  displayGizmos: 0
  fieldOfView: 180
  maxDetectDistance: 15
  minDetectDistance: 1
  distanceToLostTarget: 25
  chaseStopDistance: 0.5
  strafeSideways: 0
  strafeBackward: 0
  strafeDistance: 3
  minStrafeSwape: 2
  maxStrafeSwape: 5
  strafeRotationSpeed: 5
  passiveToDamage: 0
  agressiveAtFirstSight: 1
  attackRotationSpeed: 0.5
  firstAttackDelay: 0
  minTimeToAttack: 4
  maxTimeToAttack: 6
  maxAttackCount: 2
  randomAttackCount: 0
  chanceToRoll: 0
  chanceToBlockInStrafe: 0
  chanceToBlockAttack: 0
  raiseShield: 0
  lowerShield: 0
  distanceToChangeWaypoint: 0.5
  patrollingStopDistance: 0.5
  pathArea: {fileID: 0}
  randomWaypoints: 1
  _capsuleCollider: {fileID: 0}
  healthSlider: {fileID: 0}
  meleeManager: {fileID: 0}
  lockMovement: 0
  isAttacking: 0
  stateRoutineIteration: 0.15
  destinationRoutineIteration: 0.25
  findTargetIteration: 0.25
  smoothSpeed: 5
  onIdle:
    m_PersistentCalls:
      m_Calls: []
    m_TypeName: UnityEngine.Events.UnityEvent, UnityEngine.CoreModule, Version=0.0.0.0,
      Culture=neutral, PublicKeyToken=null
  onChase:
    m_PersistentCalls:
      m_Calls: []
    m_TypeName: UnityEngine.Events.UnityEvent, UnityEngine.CoreModule, Version=0.0.0.0,
      Culture=neutral, PublicKeyToken=null
  onPatrol:
    m_PersistentCalls:
      m_Calls: []
    m_TypeName: UnityEngine.Events.UnityEvent, UnityEngine.CoreModule, Version=0.0.0.0,
      Culture=neutral, PublicKeyToken=null
--- !u!135 &135610947827272282
SphereCollider:
  m_ObjectHideFlags: 1
  m_CorrespondingSourceObject: {fileID: 0}
  m_PrefabInternal: {fileID: 100100000}
  m_GameObject: {fileID: 1798006650842504}
  m_Material: {fileID: 0}
  m_IsTrigger: 1
  m_Enabled: 1
  serializedVersion: 2
  m_Radius: 5
  m_Center: {x: 0, y: 0, z: 0}
--- !u!136 &136485765719092374
CapsuleCollider:
  m_ObjectHideFlags: 1
  m_CorrespondingSourceObject: {fileID: 0}
  m_PrefabInternal: {fileID: 100100000}
  m_GameObject: {fileID: 1079901903511716}
  m_Material: {fileID: 0}
  m_IsTrigger: 0
  m_Enabled: 1
  m_Radius: 0.21
  m_Height: 1.37
  m_Direction: 1
  m_Center: {x: 0, y: 0.69, z: 0}
--- !u!137 &137111501505608680
SkinnedMeshRenderer:
  m_ObjectHideFlags: 1
  m_CorrespondingSourceObject: {fileID: 0}
  m_PrefabInternal: {fileID: 100100000}
  m_GameObject: {fileID: 1256237592427792}
  m_Enabled: 1
  m_CastShadows: 1
  m_ReceiveShadows: 1
  m_DynamicOccludee: 1
  m_MotionVectors: 1
  m_LightProbeUsage: 1
  m_ReflectionProbeUsage: 1
  m_RenderingLayerMask: 4294967295
  m_Materials:
  - {fileID: 2100000, guid: d7229c1a5e7a1e0408e3dc06a75c38d1, type: 2}
  m_StaticBatchInfo:
    firstSubMesh: 0
    subMeshCount: 0
  m_StaticBatchRoot: {fileID: 0}
  m_ProbeAnchor: {fileID: 0}
  m_LightProbeVolumeOverride: {fileID: 0}
  m_ScaleInLightmap: 1
  m_PreserveUVs: 0
  m_IgnoreNormalsForChartDetection: 0
  m_ImportantGI: 0
  m_StitchLightmapSeams: 0
  m_SelectedEditorRenderState: 0
  m_MinimumChartSize: 4
  m_AutoUVMaxDistance: 0.5
  m_AutoUVMaxAngle: 89
  m_LightmapParameters: {fileID: 0}
  m_SortingLayerID: 0
  m_SortingLayer: 0
  m_SortingOrder: 0
  serializedVersion: 2
  m_Quality: 0
  m_UpdateWhenOffscreen: 0
  m_SkinnedMotionVectors: 1
  m_Mesh: {fileID: 4300004, guid: 9c679acbf03f97246ab8c5023cb14ab2, type: 3}
  m_Bones:
  - {fileID: 4908962801670484}
  - {fileID: 4730291130034946}
  - {fileID: 4448956353424300}
  - {fileID: 4057140139312774}
  - {fileID: 4019082420024536}
  - {fileID: 4958663727880452}
  - {fileID: 4662690466589514}
  - {fileID: 4238178221514282}
  - {fileID: 4589378111914884}
  - {fileID: 4027436531963228}
  - {fileID: 4795040839356932}
  - {fileID: 4162913826683282}
  - {fileID: 4586142538750192}
  - {fileID: 4399028845711252}
  - {fileID: 4601285051323214}
  - {fileID: 4885773808368514}
  - {fileID: 4491291094887300}
  - {fileID: 4256579030316734}
  - {fileID: 4548469312813128}
  - {fileID: 4988812400147966}
  - {fileID: 4329698234401208}
  - {fileID: 4927951060547498}
  - {fileID: 4851563004258514}
  - {fileID: 4261113082279044}
  - {fileID: 4563926755414354}
  m_BlendShapeWeights: []
  m_RootBone: {fileID: 4795040839356932}
  m_AABB:
    m_Center: {x: 0.047499657, y: 0.18435171, z: 0.000004172325}
    m_Extent: {x: 1.1757982, y: 0.45255777, z: 1.782658}
  m_DirtyAABB: 0
--- !u!137 &137565057417412810
SkinnedMeshRenderer:
  m_ObjectHideFlags: 1
  m_CorrespondingSourceObject: {fileID: 0}
  m_PrefabInternal: {fileID: 100100000}
  m_GameObject: {fileID: 1091146956581226}
  m_Enabled: 1
  m_CastShadows: 1
  m_ReceiveShadows: 1
  m_DynamicOccludee: 1
  m_MotionVectors: 1
  m_LightProbeUsage: 1
  m_ReflectionProbeUsage: 1
  m_RenderingLayerMask: 4294967295
  m_Materials:
  - {fileID: 2100000, guid: d7229c1a5e7a1e0408e3dc06a75c38d1, type: 2}
  m_StaticBatchInfo:
    firstSubMesh: 0
    subMeshCount: 0
  m_StaticBatchRoot: {fileID: 0}
  m_ProbeAnchor: {fileID: 0}
  m_LightProbeVolumeOverride: {fileID: 0}
  m_ScaleInLightmap: 1
  m_PreserveUVs: 0
  m_IgnoreNormalsForChartDetection: 0
  m_ImportantGI: 0
  m_StitchLightmapSeams: 0
  m_SelectedEditorRenderState: 0
  m_MinimumChartSize: 4
  m_AutoUVMaxDistance: 0.5
  m_AutoUVMaxAngle: 89
  m_LightmapParameters: {fileID: 0}
  m_SortingLayerID: 0
  m_SortingLayer: 0
  m_SortingOrder: 0
  serializedVersion: 2
  m_Quality: 0
  m_UpdateWhenOffscreen: 0
  m_SkinnedMotionVectors: 1
  m_Mesh: {fileID: 4300002, guid: 9c679acbf03f97246ab8c5023cb14ab2, type: 3}
  m_Bones:
  - {fileID: 4908962801670484}
  - {fileID: 4019082420024536}
  - {fileID: 4448956353424300}
  - {fileID: 4057140139312774}
  - {fileID: 4586142538750192}
  m_BlendShapeWeights: []
  m_RootBone: {fileID: 4057140139312774}
  m_AABB:
    m_Center: {x: -0.40399808, y: 0.14873622, z: -0.00000013411045}
    m_Extent: {x: 0.060136124, y: 0.043338235, z: 0.04029407}
  m_DirtyAABB: 0
--- !u!195 &195494528204640006
NavMeshAgent:
  m_ObjectHideFlags: 1
  m_CorrespondingSourceObject: {fileID: 0}
  m_PrefabInternal: {fileID: 100100000}
  m_GameObject: {fileID: 1079901903511716}
  m_Enabled: 1
  m_AgentTypeID: 0
  m_Radius: 0.4
  m_Speed: 1
  m_Acceleration: 8
  avoidancePriority: 50
  m_AngularSpeed: 300
  m_StoppingDistance: 2
  m_AutoTraverseOffMeshLink: 1
  m_AutoBraking: 0
  m_AutoRepath: 1
  m_Height: 1.8
  m_BaseOffset: 0
  m_WalkableMask: 4294967295
  m_ObstacleAvoidanceType: 4
--- !u!222 &222368571237703828
CanvasRenderer:
  m_ObjectHideFlags: 1
  m_CorrespondingSourceObject: {fileID: 0}
  m_PrefabInternal: {fileID: 100100000}
  m_GameObject: {fileID: 1316130370073986}
  m_CullTransparentMesh: 0
--- !u!222 &222372116041380138
CanvasRenderer:
  m_ObjectHideFlags: 1
  m_CorrespondingSourceObject: {fileID: 0}
  m_PrefabInternal: {fileID: 100100000}
  m_GameObject: {fileID: 1753536558147860}
  m_CullTransparentMesh: 0
--- !u!222 &222659883906665932
CanvasRenderer:
  m_ObjectHideFlags: 1
  m_CorrespondingSourceObject: {fileID: 0}
  m_PrefabInternal: {fileID: 100100000}
  m_GameObject: {fileID: 1669173376839258}
  m_CullTransparentMesh: 0
--- !u!222 &222999743133522192
CanvasRenderer:
  m_ObjectHideFlags: 1
  m_CorrespondingSourceObject: {fileID: 0}
  m_PrefabInternal: {fileID: 100100000}
  m_GameObject: {fileID: 1762288707961168}
  m_CullTransparentMesh: 0
--- !u!223 &223404852103826426
Canvas:
  m_ObjectHideFlags: 1
  m_CorrespondingSourceObject: {fileID: 0}
  m_PrefabInternal: {fileID: 100100000}
  m_GameObject: {fileID: 1423890194969342}
  m_Enabled: 1
  serializedVersion: 3
  m_RenderMode: 2
  m_Camera: {fileID: 0}
  m_PlaneDistance: 100
  m_PixelPerfect: 0
  m_ReceivesEvents: 1
  m_OverrideSorting: 0
  m_OverridePixelPerfect: 0
  m_SortingBucketNormalizedSize: 0
  m_AdditionalShaderChannelsFlag: 25
  m_SortingLayerID: 0
  m_SortingOrder: 0
  m_TargetDisplay: 0
--- !u!224 &224264875744377246
RectTransform:
  m_ObjectHideFlags: 1
  m_CorrespondingSourceObject: {fileID: 0}
  m_PrefabInternal: {fileID: 100100000}
  m_GameObject: {fileID: 1669173376839258}
  m_LocalRotation: {x: 0, y: 0, z: 0, w: 1}
  m_LocalPosition: {x: 0, y: 0, z: 0}
  m_LocalScale: {x: 1, y: 0.4, z: 1}
  m_Children: []
  m_Father: {fileID: 224956055912511636}
  m_RootOrder: 0
  m_LocalEulerAnglesHint: {x: 0, y: 0, z: 0}
  m_AnchorMin: {x: 0, y: 0}
  m_AnchorMax: {x: 1, y: 1}
  m_AnchoredPosition: {x: 0, y: 0}
  m_SizeDelta: {x: 0, y: 0}
  m_Pivot: {x: 0.5, y: 0.5}
--- !u!224 &224381232851198896
RectTransform:
  m_ObjectHideFlags: 1
  m_CorrespondingSourceObject: {fileID: 0}
  m_PrefabInternal: {fileID: 100100000}
  m_GameObject: {fileID: 1762288707961168}
  m_LocalRotation: {x: 0, y: 0, z: 0, w: 1}
  m_LocalPosition: {x: 0, y: 0, z: -0}
  m_LocalScale: {x: 1, y: 0.4, z: 1}
  m_Children: []
  m_Father: {fileID: 224719060429967356}
  m_RootOrder: 0
  m_LocalEulerAnglesHint: {x: 0, y: 0, z: 0}
  m_AnchorMin: {x: 0, y: 0.25}
  m_AnchorMax: {x: 1, y: 0.75}
  m_AnchoredPosition: {x: -0.002494812, y: 0}
  m_SizeDelta: {x: 0, y: 0}
  m_Pivot: {x: 0.5, y: 0.5}
--- !u!224 &224572439117447442
RectTransform:
  m_ObjectHideFlags: 1
  m_CorrespondingSourceObject: {fileID: 0}
  m_PrefabInternal: {fileID: 100100000}
  m_GameObject: {fileID: 1423890194969342}
  m_LocalRotation: {x: 0, y: 1, z: 0, w: -0.00000020861623}
  m_LocalPosition: {x: 0, y: 0, z: 0}
  m_LocalScale: {x: 1, y: 1, z: 1}
  m_Children:
  - {fileID: 224719060429967356}
  - {fileID: 224641248878621822}
  m_Father: {fileID: 4734486447496990}
  m_RootOrder: 0
  m_LocalEulerAnglesHint: {x: 0, y: 0, z: 0}
  m_AnchorMin: {x: 0, y: 0}
  m_AnchorMax: {x: 0, y: 0}
  m_AnchoredPosition: {x: 0, y: 0}
  m_SizeDelta: {x: 1, y: 0.25}
  m_Pivot: {x: 0.5, y: 0.5}
--- !u!224 &224631659010982352
RectTransform:
  m_ObjectHideFlags: 1
  m_CorrespondingSourceObject: {fileID: 0}
  m_PrefabInternal: {fileID: 100100000}
  m_GameObject: {fileID: 1587844778647500}
  m_LocalRotation: {x: 0, y: 0, z: 0, w: 1}
  m_LocalPosition: {x: 0, y: 0, z: 0}
  m_LocalScale: {x: 1, y: 1, z: 1}
  m_Children:
  - {fileID: 224717727908864358}
  m_Father: {fileID: 224719060429967356}
  m_RootOrder: 1
  m_LocalEulerAnglesHint: {x: 0, y: 0, z: 0}
  m_AnchorMin: {x: 0, y: 0.25}
  m_AnchorMax: {x: 1, y: 0.75}
  m_AnchoredPosition: {x: 0, y: 0}
  m_SizeDelta: {x: 0, y: 0}
  m_Pivot: {x: 0.5, y: 0.5}
--- !u!224 &224641248878621822
RectTransform:
  m_ObjectHideFlags: 1
  m_CorrespondingSourceObject: {fileID: 0}
  m_PrefabInternal: {fileID: 100100000}
  m_GameObject: {fileID: 1431914464224180}
  m_LocalRotation: {x: 0, y: 0, z: 0, w: 1}
  m_LocalPosition: {x: 0, y: 0, z: -2.0918378e-11}
  m_LocalScale: {x: 0.0059810155, y: 0.0059810146, z: 0.0059810146}
  m_Children:
  - {fileID: 224956055912511636}
  - {fileID: 224875793004068320}
  m_Father: {fileID: 224572439117447442}
  m_RootOrder: 1
  m_LocalEulerAnglesHint: {x: 0, y: 0, z: 0}
  m_AnchorMin: {x: 0, y: 0}
  m_AnchorMax: {x: 1, y: 1}
  m_AnchoredPosition: {x: 0.000016868114, y: -0.06101665}
  m_SizeDelta: {x: 85.785, y: 21.103}
  m_Pivot: {x: 0.5000001, y: 0.50000024}
--- !u!224 &224717727908864358
RectTransform:
  m_ObjectHideFlags: 1
  m_CorrespondingSourceObject: {fileID: 0}
  m_PrefabInternal: {fileID: 100100000}
  m_GameObject: {fileID: 1753536558147860}
  m_LocalRotation: {x: 0, y: 0, z: 0, w: 1}
  m_LocalPosition: {x: 0, y: 0, z: 0}
  m_LocalScale: {x: 1, y: 0.4, z: 1}
  m_Children: []
  m_Father: {fileID: 224631659010982352}
  m_RootOrder: 0
  m_LocalEulerAnglesHint: {x: 0, y: 0, z: 0}
  m_AnchorMin: {x: 0, y: 0}
  m_AnchorMax: {x: 1, y: 1}
  m_AnchoredPosition: {x: 0, y: 0}
  m_SizeDelta: {x: 0, y: 0}
  m_Pivot: {x: 0.5, y: 0.5}
--- !u!224 &224719060429967356
RectTransform:
  m_ObjectHideFlags: 1
  m_CorrespondingSourceObject: {fileID: 0}
  m_PrefabInternal: {fileID: 100100000}
  m_GameObject: {fileID: 1908453399292504}
  m_LocalRotation: {x: 0, y: 0, z: 0, w: 1}
  m_LocalPosition: {x: 0, y: 0, z: -0}
  m_LocalScale: {x: 0.005981017, y: 0.005981014, z: 0.0059810155}
  m_Children:
  - {fileID: 224381232851198896}
  - {fileID: 224631659010982352}
  m_Father: {fileID: 224572439117447442}
  m_RootOrder: 0
  m_LocalEulerAnglesHint: {x: 0, y: 0, z: 0}
  m_AnchorMin: {x: 0, y: 0}
  m_AnchorMax: {x: 1, y: 1}
  m_AnchoredPosition: {x: 0.000030517578, y: -0.061016798}
  m_SizeDelta: {x: 85.785, y: 21.103}
  m_Pivot: {x: 0.5000001, y: 0.50000024}
--- !u!224 &224875793004068320
RectTransform:
  m_ObjectHideFlags: 1
  m_CorrespondingSourceObject: {fileID: 0}
  m_PrefabInternal: {fileID: 100100000}
  m_GameObject: {fileID: 1316130370073986}
  m_LocalRotation: {x: 0, y: 0, z: 0, w: 1}
  m_LocalPosition: {x: 0, y: 0, z: 0}
  m_LocalScale: {x: 0.39745998, y: 0.39746016, z: 0.39746016}
  m_Children: []
  m_Father: {fileID: 224641248878621822}
  m_RootOrder: 1
  m_LocalEulerAnglesHint: {x: 0, y: 0, z: 0}
  m_AnchorMin: {x: 0, y: 1}
  m_AnchorMax: {x: 1, y: 1}
  m_AnchoredPosition: {x: 0, y: 11.999999}
  m_SizeDelta: {x: -0.000045776367, y: 47.7}
  m_Pivot: {x: -0.00000049732625, y: 0.9999995}
--- !u!224 &224956055912511636
RectTransform:
  m_ObjectHideFlags: 1
  m_CorrespondingSourceObject: {fileID: 0}
  m_PrefabInternal: {fileID: 100100000}
  m_GameObject: {fileID: 1039196278772034}
  m_LocalRotation: {x: 0, y: 0, z: 0, w: 1}
  m_LocalPosition: {x: 0, y: 0, z: 0}
  m_LocalScale: {x: 1, y: 1, z: 1}
  m_Children:
  - {fileID: 224264875744377246}
  m_Father: {fileID: 224641248878621822}
  m_RootOrder: 0
  m_LocalEulerAnglesHint: {x: 0, y: 0, z: 0}
  m_AnchorMin: {x: 0, y: 0.25}
  m_AnchorMax: {x: 1, y: 0.75}
  m_AnchoredPosition: {x: 0, y: 0}
  m_SizeDelta: {x: 0, y: 0}
  m_Pivot: {x: 0.5, y: 0.5}
