%YAML 1.1
%TAG !u! tag:unity3d.com,2011:
--- !u!1001 &100100000
Prefab:
  m_ObjectHideFlags: 1
  serializedVersion: 2
  m_Modification:
    m_TransformParent: {fileID: 0}
    m_Modifications: []
    m_RemovedComponents: []
  m_SourcePrefab: {fileID: 0}
  m_RootGameObject: {fileID: 1074271629526170}
  m_IsPrefabAsset: 1
--- !u!1 &1002391928376760
GameObject:
  m_ObjectHideFlags: 1
  m_CorrespondingSourceObject: {fileID: 0}
  m_PrefabInternal: {fileID: 100100000}
  serializedVersion: 6
  m_Component:
  - component: {fileID: 4843435961045400}
  m_Layer: 12
  m_Name: CATRigHub003Bone001
  m_TagString: Untagged
  m_Icon: {fileID: 0}
  m_NavMeshLayer: 0
  m_StaticEditorFlags: 0
  m_IsActive: 1
--- !u!1 &1005905837456376
GameObject:
  m_ObjectHideFlags: 1
  m_CorrespondingSourceObject: {fileID: 0}
  m_PrefabInternal: {fileID: 100100000}
  serializedVersion: 6
  m_Component:
  - component: {fileID: 4585248115563108}
  m_Layer: 12
  m_Name: CATRigSpine
  m_TagString: Untagged
  m_Icon: {fileID: 0}
  m_NavMeshLayer: 0
  m_StaticEditorFlags: 0
  m_IsActive: 1
--- !u!1 &1038934180384876
GameObject:
  m_ObjectHideFlags: 1
  m_CorrespondingSourceObject: {fileID: 0}
  m_PrefabInternal: {fileID: 100100000}
  serializedVersion: 6
  m_Component:
  - component: {fileID: 4794698770666652}
  m_Layer: 12
  m_Name: CATRigLLegDigit11
  m_TagString: Untagged
  m_Icon: {fileID: 0}
  m_NavMeshLayer: 0
  m_StaticEditorFlags: 0
  m_IsActive: 1
--- !u!1 &1044158005284670
GameObject:
  m_ObjectHideFlags: 0
  m_CorrespondingSourceObject: {fileID: 0}
  m_PrefabInternal: {fileID: 100100000}
  serializedVersion: 6
  m_Component:
  - component: {fileID: 4631133069737890}
  - component: {fileID: 135105661303382396}
  - component: {fileID: 114103630626257050}
  m_Layer: 12
  m_Name: SphereSensor
  m_TagString: Weapon
  m_Icon: {fileID: 0}
  m_NavMeshLayer: 0
  m_StaticEditorFlags: 0
  m_IsActive: 1
--- !u!1 &1059195196461186
GameObject:
  m_ObjectHideFlags: 1
  m_CorrespondingSourceObject: {fileID: 0}
  m_PrefabInternal: {fileID: 100100000}
  serializedVersion: 6
  m_Component:
  - component: {fileID: 4180498677619192}
  m_Layer: 12
  m_Name: CATRigHub005
  m_TagString: Untagged
  m_Icon: {fileID: 0}
  m_NavMeshLayer: 0
  m_StaticEditorFlags: 0
  m_IsActive: 1
--- !u!1 &1064946716764832
GameObject:
  m_ObjectHideFlags: 1
  m_CorrespondingSourceObject: {fileID: 0}
  m_PrefabInternal: {fileID: 100100000}
  serializedVersion: 6
  m_Component:
  - component: {fileID: 4831000491196550}
  m_Layer: 12
  m_Name: CATRigLArmPalm
  m_TagString: Untagged
  m_Icon: {fileID: 0}
  m_NavMeshLayer: 0
  m_StaticEditorFlags: 0
  m_IsActive: 1
--- !u!1 &1069785675048446
GameObject:
  m_ObjectHideFlags: 1
  m_CorrespondingSourceObject: {fileID: 0}
  m_PrefabInternal: {fileID: 100100000}
  serializedVersion: 6
  m_Component:
  - component: {fileID: 4246397205052600}
  m_Layer: 12
  m_Name: CATRigLLegAnkle
  m_TagString: Untagged
  m_Icon: {fileID: 0}
  m_NavMeshLayer: 0
  m_StaticEditorFlags: 0
  m_IsActive: 1
--- !u!1 &1074271629526170
GameObject:
  m_ObjectHideFlags: 0
  m_CorrespondingSourceObject: {fileID: 0}
  m_PrefabInternal: {fileID: 100100000}
  serializedVersion: 6
  m_Component:
  - component: {fileID: 4683181221284278}
  - component: {fileID: 95116622089636492}
  - component: {fileID: 114616069632131964}
  - component: {fileID: 54284340769604094}
  - component: {fileID: 136658736226405836}
  - component: {fileID: 195876229349487512}
  - component: {fileID: 114412782504452138}
  - component: {fileID: 114734956642372686}
  - component: {fileID: 114029233408011922}
  m_Layer: 12
  m_Name: Mutant
  m_TagString: Enemy
  m_Icon: {fileID: 0}
  m_NavMeshLayer: 0
  m_StaticEditorFlags: 0
  m_IsActive: 0
--- !u!1 &1097181362664564
GameObject:
  m_ObjectHideFlags: 1
  m_CorrespondingSourceObject: {fileID: 0}
  m_PrefabInternal: {fileID: 100100000}
  serializedVersion: 6
  m_Component:
  - component: {fileID: 224878930305593976}
  - component: {fileID: 114911152887272776}
  m_Layer: 12
  m_Name: subhealth
  m_TagString: Weapon
  m_Icon: {fileID: 0}
  m_NavMeshLayer: 0
  m_StaticEditorFlags: 0
  m_IsActive: 1
--- !u!1 &1100961277576264
GameObject:
  m_ObjectHideFlags: 1
  m_CorrespondingSourceObject: {fileID: 0}
  m_PrefabInternal: {fileID: 100100000}
  serializedVersion: 6
  m_Component:
  - component: {fileID: 4669181285774442}
  - component: {fileID: 137941842639090904}
  m_Layer: 12
  m_Name: Body_mesh
  m_TagString: Untagged
  m_Icon: {fileID: 0}
  m_NavMeshLayer: 0
  m_StaticEditorFlags: 0
  m_IsActive: 1
--- !u!1 &1123490271204304
GameObject:
  m_ObjectHideFlags: 0
  m_CorrespondingSourceObject: {fileID: 0}
  m_PrefabInternal: {fileID: 100100000}
  serializedVersion: 6
  m_Component:
  - component: {fileID: 4499852224370342}
  m_Layer: 12
  m_Name: character
  m_TagString: Untagged
  m_Icon: {fileID: 0}
  m_NavMeshLayer: 0
  m_StaticEditorFlags: 0
  m_IsActive: 1
--- !u!1 &1133036533664266
GameObject:
  m_ObjectHideFlags: 1
  m_CorrespondingSourceObject: {fileID: 0}
  m_PrefabInternal: {fileID: 100100000}
  serializedVersion: 6
  m_Component:
  - component: {fileID: 224622371927020196}
  - component: {fileID: 223978057490643134}
  - component: {fileID: 114969586427877082}
  - component: {fileID: 114280729050528672}
  m_Layer: 12
  m_Name: EnemyCanvas
  m_TagString: Weapon
  m_Icon: {fileID: 0}
  m_NavMeshLayer: 0
  m_StaticEditorFlags: 0
  m_IsActive: 1
--- !u!1 &1153996196640862
GameObject:
  m_ObjectHideFlags: 1
  m_CorrespondingSourceObject: {fileID: 0}
  m_PrefabInternal: {fileID: 100100000}
  serializedVersion: 6
  m_Component:
  - component: {fileID: 4044465188111774}
  - component: {fileID: 114666474671287446}
  m_Layer: 12
  m_Name: CATRigRLeg2
  m_TagString: Untagged
  m_Icon: {fileID: 0}
  m_NavMeshLayer: 0
  m_StaticEditorFlags: 0
  m_IsActive: 1
--- !u!1 &1187886696437768
GameObject:
  m_ObjectHideFlags: 1
  m_CorrespondingSourceObject: {fileID: 0}
  m_PrefabInternal: {fileID: 100100000}
  serializedVersion: 6
  m_Component:
  - component: {fileID: 4252012981929526}
  m_Layer: 12
  m_Name: CATRigHub004
  m_TagString: Untagged
  m_Icon: {fileID: 0}
  m_NavMeshLayer: 0
  m_StaticEditorFlags: 0
  m_IsActive: 1
--- !u!1 &1250168505219804
GameObject:
  m_ObjectHideFlags: 1
  m_CorrespondingSourceObject: {fileID: 0}
  m_PrefabInternal: {fileID: 100100000}
  serializedVersion: 6
  m_Component:
  - component: {fileID: 4561032164092452}
  - component: {fileID: 114184178583735644}
  - component: {fileID: 65983532945847516}
  m_Layer: 2
  m_Name: hitBox
  m_TagString: Ignore Ragdoll
  m_Icon: {fileID: 0}
  m_NavMeshLayer: 0
  m_StaticEditorFlags: 0
  m_IsActive: 1
--- !u!1 &1345994990939784
GameObject:
  m_ObjectHideFlags: 0
  m_CorrespondingSourceObject: {fileID: 0}
  m_PrefabInternal: {fileID: 100100000}
  serializedVersion: 6
  m_Component:
  - component: {fileID: 4897361922872056}
  - component: {fileID: 114555516795059882}
  m_Layer: 12
  m_Name: mutantHealthUI
  m_TagString: Weapon
  m_Icon: {fileID: 0}
  m_NavMeshLayer: 0
  m_StaticEditorFlags: 0
  m_IsActive: 1
--- !u!1 &1359279527411568
GameObject:
  m_ObjectHideFlags: 1
  m_CorrespondingSourceObject: {fileID: 0}
  m_PrefabInternal: {fileID: 100100000}
  serializedVersion: 6
  m_Component:
  - component: {fileID: 4374763892320520}
  - component: {fileID: 137187220007318728}
  m_Layer: 12
  m_Name: Jaw_mesh
  m_TagString: Untagged
  m_Icon: {fileID: 0}
  m_NavMeshLayer: 0
  m_StaticEditorFlags: 0
  m_IsActive: 1
--- !u!1 &1360154580185976
GameObject:
  m_ObjectHideFlags: 1
  m_CorrespondingSourceObject: {fileID: 0}
  m_PrefabInternal: {fileID: 100100000}
  serializedVersion: 6
  m_Component:
  - component: {fileID: 4458326604796716}
  m_Layer: 12
  m_Name: CATRigHub005Bone003
  m_TagString: Untagged
  m_Icon: {fileID: 0}
  m_NavMeshLayer: 0
  m_StaticEditorFlags: 0
  m_IsActive: 1
--- !u!1 &1360855643063898
GameObject:
  m_ObjectHideFlags: 1
  m_CorrespondingSourceObject: {fileID: 0}
  m_PrefabInternal: {fileID: 100100000}
  serializedVersion: 6
  m_Component:
  - component: {fileID: 4471998687208592}
  m_Layer: 12
  m_Name: CATRigHub005Bone001
  m_TagString: Untagged
  m_Icon: {fileID: 0}
  m_NavMeshLayer: 0
  m_StaticEditorFlags: 0
  m_IsActive: 1
--- !u!1 &1385723751065140
GameObject:
  m_ObjectHideFlags: 1
  m_CorrespondingSourceObject: {fileID: 0}
  m_PrefabInternal: {fileID: 100100000}
  serializedVersion: 6
  m_Component:
  - component: {fileID: 4877978498606342}
  - component: {fileID: 114411438836093194}
  m_Layer: 12
  m_Name: CATRigLLeg2
  m_TagString: Untagged
  m_Icon: {fileID: 0}
  m_NavMeshLayer: 0
  m_StaticEditorFlags: 0
  m_IsActive: 1
--- !u!1 &1385863759023074
GameObject:
  m_ObjectHideFlags: 1
  m_CorrespondingSourceObject: {fileID: 0}
  m_PrefabInternal: {fileID: 100100000}
  serializedVersion: 6
  m_Component:
  - component: {fileID: 4914088854266078}
  m_Layer: 12
  m_Name: CATRigRLeg1
  m_TagString: Untagged
  m_Icon: {fileID: 0}
  m_NavMeshLayer: 0
  m_StaticEditorFlags: 0
  m_IsActive: 1
--- !u!1 &1520592709544778
GameObject:
  m_ObjectHideFlags: 0
  m_CorrespondingSourceObject: {fileID: 0}
  m_PrefabInternal: {fileID: 100100000}
  serializedVersion: 6
  m_Component:
  - component: {fileID: 4098476664719426}
  m_Layer: 12
  m_Name: Character001
  m_TagString: Untagged
  m_Icon: {fileID: 0}
  m_NavMeshLayer: 0
  m_StaticEditorFlags: 0
  m_IsActive: 1
--- !u!1 &1579941080272672
GameObject:
  m_ObjectHideFlags: 1
  m_CorrespondingSourceObject: {fileID: 0}
  m_PrefabInternal: {fileID: 100100000}
  serializedVersion: 6
  m_Component:
  - component: {fileID: 4793422884852366}
  m_Layer: 12
  m_Name: CATRigRLegDigit11
  m_TagString: Untagged
  m_Icon: {fileID: 0}
  m_NavMeshLayer: 0
  m_StaticEditorFlags: 0
  m_IsActive: 1
--- !u!1 &1584118392652746
GameObject:
  m_ObjectHideFlags: 1
  m_CorrespondingSourceObject: {fileID: 0}
  m_PrefabInternal: {fileID: 100100000}
  serializedVersion: 6
  m_Component:
  - component: {fileID: 4116442942287160}
  m_Layer: 12
  m_Name: CATRigRArm1
  m_TagString: Untagged
  m_Icon: {fileID: 0}
  m_NavMeshLayer: 0
  m_StaticEditorFlags: 0
  m_IsActive: 1
--- !u!1 &1610090051303870
GameObject:
  m_ObjectHideFlags: 1
  m_CorrespondingSourceObject: {fileID: 0}
  m_PrefabInternal: {fileID: 100100000}
  serializedVersion: 6
  m_Component:
  - component: {fileID: 224151885350944648}
  - component: {fileID: 222039502917103938}
  - component: {fileID: 114424401616613952}
  m_Layer: 12
  m_Name: Background
  m_TagString: Weapon
  m_Icon: {fileID: 0}
  m_NavMeshLayer: 0
  m_StaticEditorFlags: 0
  m_IsActive: 1
--- !u!1 &1610698619674040
GameObject:
  m_ObjectHideFlags: 1
  m_CorrespondingSourceObject: {fileID: 0}
  m_PrefabInternal: {fileID: 100100000}
  serializedVersion: 6
  m_Component:
  - component: {fileID: 4189145067707010}
  - component: {fileID: 114409174026939902}
  - component: {fileID: 65763847812638418}
  m_Layer: 2
  m_Name: hitBox
  m_TagString: Ignore Ragdoll
  m_Icon: {fileID: 0}
  m_NavMeshLayer: 0
  m_StaticEditorFlags: 0
  m_IsActive: 1
--- !u!1 &1617649057333024
GameObject:
  m_ObjectHideFlags: 0
  m_CorrespondingSourceObject: {fileID: 0}
  m_PrefabInternal: {fileID: 100100000}
  serializedVersion: 6
  m_Component:
  - component: {fileID: 4737547039550594}
  m_Layer: 12
  m_Name: CATRigLLegPlatform
  m_TagString: Untagged
  m_Icon: {fileID: 0}
  m_NavMeshLayer: 0
  m_StaticEditorFlags: 0
  m_IsActive: 1
--- !u!1 &1627605194929472
GameObject:
  m_ObjectHideFlags: 1
  m_CorrespondingSourceObject: {fileID: 0}
  m_PrefabInternal: {fileID: 100100000}
  serializedVersion: 6
  m_Component:
  - component: {fileID: 4736252879346682}
  m_Layer: 12
  m_Name: CATRigLArm1
  m_TagString: Untagged
  m_Icon: {fileID: 0}
  m_NavMeshLayer: 0
  m_StaticEditorFlags: 0
  m_IsActive: 1
--- !u!1 &1677194921312238
GameObject:
  m_ObjectHideFlags: 1
  m_CorrespondingSourceObject: {fileID: 0}
  m_PrefabInternal: {fileID: 100100000}
  serializedVersion: 6
  m_Component:
  - component: {fileID: 4845721427595628}
  - component: {fileID: 114289504870613234}
  - component: {fileID: 65452440203679460}
  m_Layer: 2
  m_Name: hitBox
  m_TagString: Ignore Ragdoll
  m_Icon: {fileID: 0}
  m_NavMeshLayer: 0
  m_StaticEditorFlags: 0
  m_IsActive: 1
--- !u!1 &1685486043701790
GameObject:
  m_ObjectHideFlags: 1
  m_CorrespondingSourceObject: {fileID: 0}
  m_PrefabInternal: {fileID: 100100000}
  serializedVersion: 6
  m_Component:
  - component: {fileID: 4430976510685958}
  - component: {fileID: 33523146149180712}
  - component: {fileID: 23543230959926742}
  m_Layer: 12
  m_Name: Eyes_mesh
  m_TagString: Untagged
  m_Icon: {fileID: 0}
  m_NavMeshLayer: 0
  m_StaticEditorFlags: 0
  m_IsActive: 1
--- !u!1 &1733664824471446
GameObject:
  m_ObjectHideFlags: 1
  m_CorrespondingSourceObject: {fileID: 0}
  m_PrefabInternal: {fileID: 100100000}
  serializedVersion: 6
  m_Component:
  - component: {fileID: 224640579905772438}
  m_Layer: 12
  m_Name: Fill Area
  m_TagString: Weapon
  m_Icon: {fileID: 0}
  m_NavMeshLayer: 0
  m_StaticEditorFlags: 0
  m_IsActive: 1
--- !u!1 &1742012037300246
GameObject:
  m_ObjectHideFlags: 1
  m_CorrespondingSourceObject: {fileID: 0}
  m_PrefabInternal: {fileID: 100100000}
  serializedVersion: 6
  m_Component:
  - component: {fileID: 224401251342608874}
  - component: {fileID: 222227323697717626}
  - component: {fileID: 114608586144255416}
  m_Layer: 12
  m_Name: damageDisplay
  m_TagString: Weapon
  m_Icon: {fileID: 0}
  m_NavMeshLayer: 0
  m_StaticEditorFlags: 0
  m_IsActive: 1
--- !u!1 &1771858253506900
GameObject:
  m_ObjectHideFlags: 1
  m_CorrespondingSourceObject: {fileID: 0}
  m_PrefabInternal: {fileID: 100100000}
  serializedVersion: 6
  m_Component:
  - component: {fileID: 4379507382924210}
  m_Layer: 12
  m_Name: CATRigSpine2
  m_TagString: Untagged
  m_Icon: {fileID: 0}
  m_NavMeshLayer: 0
  m_StaticEditorFlags: 0
  m_IsActive: 1
--- !u!1 &1781677209795040
GameObject:
  m_ObjectHideFlags: 1
  m_CorrespondingSourceObject: {fileID: 0}
  m_PrefabInternal: {fileID: 100100000}
  serializedVersion: 6
  m_Component:
  - component: {fileID: 4876801152483718}
  m_Layer: 12
  m_Name: CATRigHub005Bone002
  m_TagString: Untagged
  m_Icon: {fileID: 0}
  m_NavMeshLayer: 0
  m_StaticEditorFlags: 0
  m_IsActive: 1
--- !u!1 &1783025207378702
GameObject:
  m_ObjectHideFlags: 1
  m_CorrespondingSourceObject: {fileID: 0}
  m_PrefabInternal: {fileID: 100100000}
  serializedVersion: 6
  m_Component:
  - component: {fileID: 4930170638096270}
  m_Layer: 12
  m_Name: CATRigRLegAnkle
  m_TagString: Untagged
  m_Icon: {fileID: 0}
  m_NavMeshLayer: 0
  m_StaticEditorFlags: 0
  m_IsActive: 1
--- !u!1 &1786992775630560
GameObject:
  m_ObjectHideFlags: 1
  m_CorrespondingSourceObject: {fileID: 0}
  m_PrefabInternal: {fileID: 100100000}
  serializedVersion: 6
  m_Component:
  - component: {fileID: 4551369327246600}
  m_Layer: 12
  m_Name: CATRigRArmCollarbone
  m_TagString: Untagged
  m_Icon: {fileID: 0}
  m_NavMeshLayer: 0
  m_StaticEditorFlags: 0
  m_IsActive: 1
--- !u!1 &1798776995506208
GameObject:
  m_ObjectHideFlags: 0
  m_CorrespondingSourceObject: {fileID: 0}
  m_PrefabInternal: {fileID: 100100000}
  serializedVersion: 6
  m_Component:
  - component: {fileID: 4418505083350324}
  m_Layer: 12
  m_Name: CATRigHub003
  m_TagString: Untagged
  m_Icon: {fileID: 0}
  m_NavMeshLayer: 0
  m_StaticEditorFlags: 0
  m_IsActive: 1
--- !u!1 &1823309448505782
GameObject:
  m_ObjectHideFlags: 1
  m_CorrespondingSourceObject: {fileID: 0}
  m_PrefabInternal: {fileID: 100100000}
  serializedVersion: 6
  m_Component:
  - component: {fileID: 224825843640870766}
  - component: {fileID: 222849247180817938}
  - component: {fileID: 114073311642505800}
  m_Layer: 12
  m_Name: Fill
  m_TagString: Weapon
  m_Icon: {fileID: 0}
  m_NavMeshLayer: 0
  m_StaticEditorFlags: 0
  m_IsActive: 1
--- !u!1 &1852508831620776
GameObject:
  m_ObjectHideFlags: 1
  m_CorrespondingSourceObject: {fileID: 0}
  m_PrefabInternal: {fileID: 100100000}
  serializedVersion: 6
  m_Component:
  - component: {fileID: 4281615559406084}
  - component: {fileID: 114921242389622160}
  m_Layer: 12
  m_Name: CATRigLArm1 1
  m_TagString: Untagged
  m_Icon: {fileID: 0}
  m_NavMeshLayer: 0
  m_StaticEditorFlags: 0
  m_IsActive: 1
--- !u!1 &1854390728081066
GameObject:
  m_ObjectHideFlags: 1
  m_CorrespondingSourceObject: {fileID: 0}
  m_PrefabInternal: {fileID: 100100000}
  serializedVersion: 6
  m_Component:
  - component: {fileID: 4241915936493642}
  m_Layer: 12
  m_Name: CATRigRArmPalm
  m_TagString: Untagged
  m_Icon: {fileID: 0}
  m_NavMeshLayer: 0
  m_StaticEditorFlags: 0
  m_IsActive: 1
--- !u!1 &1867252906679466
GameObject:
  m_ObjectHideFlags: 1
  m_CorrespondingSourceObject: {fileID: 0}
  m_PrefabInternal: {fileID: 100100000}
  serializedVersion: 6
  m_Component:
  - component: {fileID: 224394997393198138}
  - component: {fileID: 222880468059658212}
  - component: {fileID: 114126180628053398}
  m_Layer: 12
  m_Name: Fill
  m_TagString: Weapon
  m_Icon: {fileID: 0}
  m_NavMeshLayer: 0
  m_StaticEditorFlags: 0
  m_IsActive: 1
--- !u!1 &1868774125621002
GameObject:
  m_ObjectHideFlags: 1
  m_CorrespondingSourceObject: {fileID: 0}
  m_PrefabInternal: {fileID: 100100000}
  serializedVersion: 6
  m_Component:
  - component: {fileID: 4996777950138108}
  - component: {fileID: 114420633740542966}
  m_Layer: 12
  m_Name: CATRigRArm1 1
  m_TagString: Untagged
  m_Icon: {fileID: 0}
  m_NavMeshLayer: 0
  m_StaticEditorFlags: 0
  m_IsActive: 1
--- !u!1 &1874994835466010
GameObject:
  m_ObjectHideFlags: 1
  m_CorrespondingSourceObject: {fileID: 0}
  m_PrefabInternal: {fileID: 100100000}
  serializedVersion: 6
  m_Component:
  - component: {fileID: 4947327671809058}
  m_Layer: 12
  m_Name: CATRigLArmCollarbone
  m_TagString: Untagged
  m_Icon: {fileID: 0}
  m_NavMeshLayer: 0
  m_StaticEditorFlags: 0
  m_IsActive: 1
--- !u!1 &1885768546158318
GameObject:
  m_ObjectHideFlags: 1
  m_CorrespondingSourceObject: {fileID: 0}
  m_PrefabInternal: {fileID: 100100000}
  serializedVersion: 6
  m_Component:
  - component: {fileID: 4540119584016222}
  - component: {fileID: 114853103047481430}
  - component: {fileID: 65335910692810110}
  m_Layer: 2
  m_Name: hitBox
  m_TagString: Ignore Ragdoll
  m_Icon: {fileID: 0}
  m_NavMeshLayer: 0
  m_StaticEditorFlags: 0
  m_IsActive: 1
--- !u!1 &1920710774867564
GameObject:
  m_ObjectHideFlags: 1
  m_CorrespondingSourceObject: {fileID: 0}
  m_PrefabInternal: {fileID: 100100000}
  serializedVersion: 6
  m_Component:
  - component: {fileID: 4323013021026852}
  m_Layer: 12
  m_Name: CATRigLLeg1
  m_TagString: Untagged
  m_Icon: {fileID: 0}
  m_NavMeshLayer: 0
  m_StaticEditorFlags: 0
  m_IsActive: 1
--- !u!1 &1926398917446702
GameObject:
  m_ObjectHideFlags: 1
  m_CorrespondingSourceObject: {fileID: 0}
  m_PrefabInternal: {fileID: 100100000}
  serializedVersion: 6
  m_Component:
  - component: {fileID: 224000777929333346}
  - component: {fileID: 114234101036667410}
  m_Layer: 12
  m_Name: healthBar
  m_TagString: Weapon
  m_Icon: {fileID: 0}
  m_NavMeshLayer: 0
  m_StaticEditorFlags: 0
  m_IsActive: 1
--- !u!1 &1934016141683798
GameObject:
  m_ObjectHideFlags: 1
  m_CorrespondingSourceObject: {fileID: 0}
  m_PrefabInternal: {fileID: 100100000}
  serializedVersion: 6
  m_Component:
  - component: {fileID: 4592591130673432}
  m_Layer: 12
  m_Name: CATRigSpine1
  m_TagString: Untagged
  m_Icon: {fileID: 0}
  m_NavMeshLayer: 0
  m_StaticEditorFlags: 0
  m_IsActive: 1
--- !u!1 &1975301345838828
GameObject:
  m_ObjectHideFlags: 1
  m_CorrespondingSourceObject: {fileID: 0}
  m_PrefabInternal: {fileID: 100100000}
  serializedVersion: 6
  m_Component:
  - component: {fileID: 224471785931295678}
  m_Layer: 12
  m_Name: Fill Area
  m_TagString: Weapon
  m_Icon: {fileID: 0}
  m_NavMeshLayer: 0
  m_StaticEditorFlags: 0
  m_IsActive: 1
--- !u!1 &1985127082449560
GameObject:
  m_ObjectHideFlags: 0
  m_CorrespondingSourceObject: {fileID: 0}
  m_PrefabInternal: {fileID: 100100000}
  serializedVersion: 6
  m_Component:
  - component: {fileID: 4600012136986816}
  m_Layer: 12
  m_Name: CATRigRLegPlatform
  m_TagString: Untagged
  m_Icon: {fileID: 0}
  m_NavMeshLayer: 0
  m_StaticEditorFlags: 0
  m_IsActive: 1
--- !u!4 &4044465188111774
Transform:
  m_ObjectHideFlags: 1
  m_CorrespondingSourceObject: {fileID: 0}
  m_PrefabInternal: {fileID: 100100000}
  m_GameObject: {fileID: 1153996196640862}
  m_LocalRotation: {x: -0.016492864, y: 0.0045458577, z: 0.5731743, w: 0.8192549}
  m_LocalPosition: {x: -0.54829496, y: -0.0000047445296, z: -0.0000016450882}
  m_LocalScale: {x: 1.0000037, y: 0.9999983, z: 0.9999988}
  m_Children:
  - {fileID: 4930170638096270}
  - {fileID: 4189145067707010}
  m_Father: {fileID: 4914088854266078}
  m_RootOrder: 0
  m_LocalEulerAnglesHint: {x: 0, y: 0, z: 0}
--- !u!4 &4098476664719426
Transform:
  m_ObjectHideFlags: 1
  m_CorrespondingSourceObject: {fileID: 0}
  m_PrefabInternal: {fileID: 100100000}
  m_GameObject: {fileID: 1520592709544778}
  m_LocalRotation: {x: 0.50000006, y: -0.50000006, z: -0.49999997, w: 0.49999997}
  m_LocalPosition: {x: -0, y: 0, z: 0}
  m_LocalScale: {x: 1, y: 1, z: 1}
  m_Children: []
  m_Father: {fileID: 4683181221284278}
  m_RootOrder: 4
  m_LocalEulerAnglesHint: {x: 0, y: 0, z: 0}
--- !u!4 &4116442942287160
Transform:
  m_ObjectHideFlags: 1
  m_CorrespondingSourceObject: {fileID: 0}
  m_PrefabInternal: {fileID: 100100000}
  m_GameObject: {fileID: 1584118392652746}
  m_LocalRotation: {x: -0.09017213, y: -0.13190693, z: -0.31254652, w: 0.9363676}
  m_LocalPosition: {x: -0.31652746, y: 0, z: 0}
  m_LocalScale: {x: 0.99999905, y: 1, z: 1.0000008}
  m_Children:
  - {fileID: 4996777950138108}
  m_Father: {fileID: 4551369327246600}
  m_RootOrder: 0
  m_LocalEulerAnglesHint: {x: 0, y: 0, z: 0}
--- !u!4 &4180498677619192
Transform:
  m_ObjectHideFlags: 1
  m_CorrespondingSourceObject: {fileID: 0}
  m_PrefabInternal: {fileID: 100100000}
  m_GameObject: {fileID: 1059195196461186}
  m_LocalRotation: {x: 0.0000000011267696, y: -0.000000001571603, z: 0.024880301,
    w: 0.9996904}
  m_LocalPosition: {x: -0.07581043, y: 0.00000009536743, z: 0.0000000017073575}
  m_LocalScale: {x: 1.0000001, y: 1.0000001, z: 1}
  m_Children:
  - {fileID: 4471998687208592}
  - {fileID: 4876801152483718}
  - {fileID: 4458326604796716}
  - {fileID: 4430976510685958}
  m_Father: {fileID: 4585248115563108}
  m_RootOrder: 0
  m_LocalEulerAnglesHint: {x: 0, y: 0, z: 0}
--- !u!4 &4189145067707010
Transform:
  m_ObjectHideFlags: 1
  m_CorrespondingSourceObject: {fileID: 0}
  m_PrefabInternal: {fileID: 100100000}
  m_GameObject: {fileID: 1610698619674040}
  m_LocalRotation: {x: 0.70625573, y: -0.03470128, z: -0.7062538, w: 0.034701694}
  m_LocalPosition: {x: -0.16881794, y: 0.00000034272733, z: -0.0000003683385}
  m_LocalScale: {x: 0.15000027, y: 0.15000036, z: 0.24116836}
  m_Children: []
  m_Father: {fileID: 4044465188111774}
  m_RootOrder: 1
  m_LocalEulerAnglesHint: {x: 0, y: 0, z: 0}
--- !u!4 &4241915936493642
Transform:
  m_ObjectHideFlags: 1
  m_CorrespondingSourceObject: {fileID: 0}
  m_PrefabInternal: {fileID: 100100000}
  m_GameObject: {fileID: 1854390728081066}
  m_LocalRotation: {x: 0.0030681365, y: -0.09230618, z: -0.107410006, w: 0.9899158}
  m_LocalPosition: {x: -0.23851672, y: 0, z: 0.00000019073487}
  m_LocalScale: {x: 1.0000063, y: 0.9999994, z: 0.9999938}
  m_Children: []
  m_Father: {fileID: 4996777950138108}
  m_RootOrder: 0
  m_LocalEulerAnglesHint: {x: 0, y: 0, z: 0}
--- !u!4 &4246397205052600
Transform:
  m_ObjectHideFlags: 1
  m_CorrespondingSourceObject: {fileID: 0}
  m_PrefabInternal: {fileID: 100100000}
  m_GameObject: {fileID: 1069785675048446}
  m_LocalRotation: {x: 0.008644506, y: -0.0017828479, z: -0.6538083, w: 0.7566088}
  m_LocalPosition: {x: -0.24116819, y: 0.000000047683717, z: 0.000000023841858}
  m_LocalScale: {x: 0.9999974, y: 1.0000031, z: 0.99999994}
  m_Children:
  - {fileID: 4794698770666652}
  m_Father: {fileID: 4877978498606342}
  m_RootOrder: 0
  m_LocalEulerAnglesHint: {x: 0, y: 0, z: 0}
--- !u!4 &4252012981929526
Transform:
  m_ObjectHideFlags: 1
  m_CorrespondingSourceObject: {fileID: 0}
  m_PrefabInternal: {fileID: 100100000}
  m_GameObject: {fileID: 1187886696437768}
  m_LocalRotation: {x: 3.907982e-14, y: 9.270145e-14, z: 4.2632564e-14, w: 1}
  m_LocalPosition: {x: -0.18903045, y: 0, z: 7.9580785e-14}
  m_LocalScale: {x: 1, y: 1, z: 1}
  m_Children:
  - {fileID: 4947327671809058}
  - {fileID: 4551369327246600}
  - {fileID: 4585248115563108}
  m_Father: {fileID: 4379507382924210}
  m_RootOrder: 0
  m_LocalEulerAnglesHint: {x: 0, y: 0, z: 0}
--- !u!4 &4281615559406084
Transform:
  m_ObjectHideFlags: 1
  m_CorrespondingSourceObject: {fileID: 0}
  m_PrefabInternal: {fileID: 100100000}
  m_GameObject: {fileID: 1852508831620776}
  m_LocalRotation: {x: 0.04099967, y: -0.19015934, z: -0.22081017, w: 0.9557203}
  m_LocalPosition: {x: -0.31562415, y: 0.000000011920929, z: 0}
  m_LocalScale: {x: 1.000003, y: 1, z: 0.9999969}
  m_Children:
  - {fileID: 4831000491196550}
  - {fileID: 4845721427595628}
  m_Father: {fileID: 4736252879346682}
  m_RootOrder: 0
  m_LocalEulerAnglesHint: {x: 0, y: 0, z: 0}
--- !u!4 &4323013021026852
Transform:
  m_ObjectHideFlags: 1
  m_CorrespondingSourceObject: {fileID: 0}
  m_PrefabInternal: {fileID: 100100000}
  m_GameObject: {fileID: 1920710774867564}
  m_LocalRotation: {x: -0.14150545, y: 0.9872339, z: 0.054616064, w: 0.048607145}
  m_LocalPosition: {x: -0.0026055337, y: -0.0048086676, z: 0.1061207}
  m_LocalScale: {x: 0.9999996, y: 1.0000004, z: 1}
  m_Children:
  - {fileID: 4877978498606342}
  m_Father: {fileID: 4418505083350324}
  m_RootOrder: 1
  m_LocalEulerAnglesHint: {x: 0, y: 0, z: 0}
--- !u!4 &4374763892320520
Transform:
  m_ObjectHideFlags: 1
  m_CorrespondingSourceObject: {fileID: 0}
  m_PrefabInternal: {fileID: 100100000}
  m_GameObject: {fileID: 1359279527411568}
  m_LocalRotation: {x: 0, y: -0, z: -0, w: 1}
  m_LocalPosition: {x: -0, y: -0.022668218, z: 0.9514511}
  m_LocalScale: {x: 1, y: 1, z: 1}
  m_Children: []
  m_Father: {fileID: 4499852224370342}
  m_RootOrder: 1
  m_LocalEulerAnglesHint: {x: 0, y: 0, z: 0}
--- !u!4 &4379507382924210
Transform:
  m_ObjectHideFlags: 1
  m_CorrespondingSourceObject: {fileID: 0}
  m_PrefabInternal: {fileID: 100100000}
  m_GameObject: {fileID: 1771858253506900}
  m_LocalRotation: {x: 1.0658131e-13, y: 4.3192755e-13, z: 8.526513e-14, w: 1}
  m_LocalPosition: {x: -0.18275146, y: 0, z: 2.3874238e-13}
  m_LocalScale: {x: 1, y: 1, z: 1}
  m_Children:
  - {fileID: 4252012981929526}
  m_Father: {fileID: 4592591130673432}
  m_RootOrder: 0
  m_LocalEulerAnglesHint: {x: 0, y: 0, z: 0}
--- !u!4 &4418505083350324
Transform:
  m_ObjectHideFlags: 1
  m_CorrespondingSourceObject: {fileID: 0}
  m_PrefabInternal: {fileID: 100100000}
  m_GameObject: {fileID: 1798776995506208}
  m_LocalRotation: {x: 0.5, y: -0.5, z: -0.50000006, w: 0.50000006}
  m_LocalPosition: {x: 4.4586557e-14, y: 1.2075155, z: -0.042091977}
  m_LocalScale: {x: 1, y: 1, z: 1}
  m_Children:
  - {fileID: 4843435961045400}
  - {fileID: 4323013021026852}
  - {fileID: 4914088854266078}
  m_Father: {fileID: 4683181221284278}
  m_RootOrder: 0
  m_LocalEulerAnglesHint: {x: 0, y: 0, z: 0}
--- !u!4 &4430976510685958
Transform:
  m_ObjectHideFlags: 1
  m_CorrespondingSourceObject: {fileID: 0}
  m_PrefabInternal: {fileID: 100100000}
  m_GameObject: {fileID: 1685486043701790}
  m_LocalRotation: {x: 0.6786991, y: 0.19841278, z: -0.6786991, w: 0.19841278}
  m_LocalPosition: {x: -0.1328394, y: 0.037531566, z: 1.0658141e-15}
  m_LocalScale: {x: 0.99999964, y: 1.0000002, z: 1.0000001}
  m_Children: []
  m_Father: {fileID: 4180498677619192}
  m_RootOrder: 3
  m_LocalEulerAnglesHint: {x: 0, y: 0, z: 0}
--- !u!4 &4458326604796716
Transform:
  m_ObjectHideFlags: 1
  m_CorrespondingSourceObject: {fileID: 0}
  m_PrefabInternal: {fileID: 100100000}
  m_GameObject: {fileID: 1360154580185976}
  m_LocalRotation: {x: -0.36109668, y: -0.22633223, z: -0.61399287, w: 0.6643762}
  m_LocalPosition: {x: -0.13642101, y: 0.0353055, z: -0.038571972}
  m_LocalScale: {x: 0.99999976, y: 1.0000002, z: 0.9999998}
  m_Children: []
  m_Father: {fileID: 4180498677619192}
  m_RootOrder: 2
  m_LocalEulerAnglesHint: {x: 0, y: 0, z: 0}
--- !u!4 &4471998687208592
Transform:
  m_ObjectHideFlags: 1
  m_CorrespondingSourceObject: {fileID: 0}
  m_PrefabInternal: {fileID: 100100000}
  m_GameObject: {fileID: 1360855643063898}
  m_LocalRotation: {x: 0.000000038182026, y: -0.000000013460972, z: -0.69425, w: 0.719734}
  m_LocalPosition: {x: -0, y: 0, z: 0}
  m_LocalScale: {x: 0.9999999, y: 0.9999999, z: 0.99999994}
  m_Children: []
  m_Father: {fileID: 4180498677619192}
  m_RootOrder: 0
  m_LocalEulerAnglesHint: {x: 0, y: 0, z: 0}
--- !u!4 &4499852224370342
Transform:
  m_ObjectHideFlags: 1
  m_CorrespondingSourceObject: {fileID: 0}
  m_PrefabInternal: {fileID: 100100000}
  m_GameObject: {fileID: 1123490271204304}
  m_LocalRotation: {x: -0.7071068, y: 0, z: -0, w: 0.7071068}
  m_LocalPosition: {x: -0, y: 1.1454195, z: 0.11225066}
  m_LocalScale: {x: 1, y: 1, z: 1}
  m_Children:
  - {fileID: 4669181285774442}
  - {fileID: 4374763892320520}
  m_Father: {fileID: 4683181221284278}
  m_RootOrder: 3
  m_LocalEulerAnglesHint: {x: 0, y: 0, z: 0}
--- !u!4 &4540119584016222
Transform:
  m_ObjectHideFlags: 1
  m_CorrespondingSourceObject: {fileID: 0}
  m_PrefabInternal: {fileID: 100100000}
  m_GameObject: {fileID: 1885768546158318}
  m_LocalRotation: {x: -0.5904584, y: 0.5396426, z: 0.45327032, w: -0.39330757}
  m_LocalPosition: {x: -0.67, y: 0.127, z: -0.078967}
  m_LocalScale: {x: 0.43749028, y: 0.21972038, z: 1.037322}
  m_Children: []
  m_Father: {fileID: 4996777950138108}
  m_RootOrder: 1
  m_LocalEulerAnglesHint: {x: -1.4180001, y: -106.24801, z: -96.213005}
--- !u!4 &4551369327246600
Transform:
  m_ObjectHideFlags: 1
  m_CorrespondingSourceObject: {fileID: 0}
  m_PrefabInternal: {fileID: 100100000}
  m_GameObject: {fileID: 1786992775630560}
  m_LocalRotation: {x: -0.28486985, y: -0.6921045, z: 0.28274894, w: 0.5999113}
  m_LocalPosition: {x: -0.23579656, y: 0.14620899, z: -0.063018516}
  m_LocalScale: {x: 1, y: 1, z: 0.9999998}
  m_Children:
  - {fileID: 4116442942287160}
  m_Father: {fileID: 4252012981929526}
  m_RootOrder: 1
  m_LocalEulerAnglesHint: {x: 0, y: 0, z: 0}
--- !u!4 &4561032164092452
Transform:
  m_ObjectHideFlags: 1
  m_CorrespondingSourceObject: {fileID: 0}
  m_PrefabInternal: {fileID: 100100000}
  m_GameObject: {fileID: 1250168505219804}
  m_LocalRotation: {x: 0.70625365, y: 0.034720805, z: -0.7062541, w: -0.034720838}
  m_LocalPosition: {x: -0.1688179, y: 0.00000040233084, z: 0.00000013085075}
  m_LocalScale: {x: 0.15000008, y: 0.14999998, z: 0.24116851}
  m_Children: []
  m_Father: {fileID: 4877978498606342}
  m_RootOrder: 1
  m_LocalEulerAnglesHint: {x: 0, y: 0, z: 0}
--- !u!4 &4585248115563108
Transform:
  m_ObjectHideFlags: 1
  m_CorrespondingSourceObject: {fileID: 0}
  m_PrefabInternal: {fileID: 100100000}
  m_GameObject: {fileID: 1005905837456376}
  m_LocalRotation: {x: -0.0000000027480107, y: 0.000000014319768, z: -0.30439168,
    w: 0.95254695}
  m_LocalPosition: {x: -0.34302482, y: -0.016538305, z: 0.0000000024972324}
  m_LocalScale: {x: 1.0000001, y: 1.0000001, z: 1}
  m_Children:
  - {fileID: 4180498677619192}
  m_Father: {fileID: 4252012981929526}
  m_RootOrder: 2
  m_LocalEulerAnglesHint: {x: 0, y: 0, z: 0}
--- !u!4 &4592591130673432
Transform:
  m_ObjectHideFlags: 1
  m_CorrespondingSourceObject: {fileID: 0}
  m_PrefabInternal: {fileID: 100100000}
  m_GameObject: {fileID: 1934016141683798}
  m_LocalRotation: {x: 8.881784e-14, y: 3.3922607e-13, z: 5.684342e-14, w: 1}
  m_LocalPosition: {x: -0.113161184, y: 0.03641398, z: -0.0000000054983516}
  m_LocalScale: {x: 1, y: 1, z: 1}
  m_Children:
  - {fileID: 4379507382924210}
  m_Father: {fileID: 4843435961045400}
  m_RootOrder: 0
  m_LocalEulerAnglesHint: {x: 0, y: 0, z: 0}
--- !u!4 &4600012136986816
Transform:
  m_ObjectHideFlags: 1
  m_CorrespondingSourceObject: {fileID: 0}
  m_PrefabInternal: {fileID: 100100000}
  m_GameObject: {fileID: 1985127082449560}
  m_LocalRotation: {x: 0.5, y: -0.5, z: -0.50000006, w: 0.50000006}
  m_LocalPosition: {x: 0.23289223, y: -0.0000000068576305, z: 0.026193885}
  m_LocalScale: {x: 1, y: 1, z: 1}
  m_Children: []
  m_Father: {fileID: 4683181221284278}
  m_RootOrder: 2
  m_LocalEulerAnglesHint: {x: 0, y: 0, z: 0}
--- !u!4 &4631133069737890
Transform:
  m_ObjectHideFlags: 1
  m_CorrespondingSourceObject: {fileID: 0}
  m_PrefabInternal: {fileID: 100100000}
  m_GameObject: {fileID: 1044158005284670}
  m_LocalRotation: {x: -0, y: -0, z: -0, w: 1}
  m_LocalPosition: {x: 0, y: 0, z: 0}
  m_LocalScale: {x: 1, y: 1, z: 1}
  m_Children: []
  m_Father: {fileID: 4683181221284278}
  m_RootOrder: 5
  m_LocalEulerAnglesHint: {x: 0, y: 0, z: 0}
--- !u!4 &4669181285774442
Transform:
  m_ObjectHideFlags: 1
  m_CorrespondingSourceObject: {fileID: 0}
  m_PrefabInternal: {fileID: 100100000}
  m_GameObject: {fileID: 1100961277576264}
  m_LocalRotation: {x: 0, y: -0, z: -0, w: 1}
  m_LocalPosition: {x: -0, y: 0.11225066, z: -1.1454195}
  m_LocalScale: {x: 1, y: 1, z: 1}
  m_Children: []
  m_Father: {fileID: 4499852224370342}
  m_RootOrder: 0
  m_LocalEulerAnglesHint: {x: 0, y: 0, z: 0}
--- !u!4 &4683181221284278
Transform:
  m_ObjectHideFlags: 1
  m_CorrespondingSourceObject: {fileID: 0}
  m_PrefabInternal: {fileID: 100100000}
  m_GameObject: {fileID: 1074271629526170}
  m_LocalRotation: {x: -0, y: -0, z: -0, w: 1}
  m_LocalPosition: {x: -124.371704, y: -124.73438, z: 63.074318}
  m_LocalScale: {x: 1, y: 1, z: 1}
  m_Children:
  - {fileID: 4418505083350324}
  - {fileID: 4737547039550594}
  - {fileID: 4600012136986816}
  - {fileID: 4499852224370342}
  - {fileID: 4098476664719426}
  - {fileID: 4631133069737890}
  - {fileID: 4897361922872056}
  m_Father: {fileID: 0}
  m_RootOrder: 0
  m_LocalEulerAnglesHint: {x: 0, y: 0, z: 0}
--- !u!4 &4736252879346682
Transform:
  m_ObjectHideFlags: 1
  m_CorrespondingSourceObject: {fileID: 0}
  m_PrefabInternal: {fileID: 100100000}
  m_GameObject: {fileID: 1627605194929472}
  m_LocalRotation: {x: 0.09017203, y: 0.13190658, z: -0.31254652, w: 0.9363677}
  m_LocalPosition: {x: -0.31652737, y: -0.000000011920929, z: 0.00000019073487}
  m_LocalScale: {x: 0.99999917, y: 1, z: 1.0000008}
  m_Children:
  - {fileID: 4281615559406084}
  m_Father: {fileID: 4947327671809058}
  m_RootOrder: 0
  m_LocalEulerAnglesHint: {x: 0, y: 0, z: 0}
--- !u!4 &4737547039550594
Transform:
  m_ObjectHideFlags: 1
  m_CorrespondingSourceObject: {fileID: 0}
  m_PrefabInternal: {fileID: 100100000}
  m_GameObject: {fileID: 1617649057333024}
  m_LocalRotation: {x: 0.5, y: -0.5, z: -0.50000006, w: 0.50000006}
  m_LocalPosition: {x: -0.23289223, y: -0.000000006857618, z: 0.026193812}
  m_LocalScale: {x: 1, y: 1, z: 1}
  m_Children: []
  m_Father: {fileID: 4683181221284278}
  m_RootOrder: 1
  m_LocalEulerAnglesHint: {x: 0, y: 0, z: 0}
--- !u!4 &4793422884852366
Transform:
  m_ObjectHideFlags: 1
  m_CorrespondingSourceObject: {fileID: 0}
  m_PrefabInternal: {fileID: 100100000}
  m_GameObject: {fileID: 1579941080272672}
  m_LocalRotation: {x: -0.06706415, y: -0.005722398, z: 0.850823, w: 0.5211237}
  m_LocalPosition: {x: -0.5036163, y: 0, z: 0}
  m_LocalScale: {x: 1.0000046, y: 0.9999952, z: 1}
  m_Children: []
  m_Father: {fileID: 4930170638096270}
  m_RootOrder: 0
  m_LocalEulerAnglesHint: {x: 0, y: 0, z: 0}
--- !u!4 &4794698770666652
Transform:
  m_ObjectHideFlags: 1
  m_CorrespondingSourceObject: {fileID: 0}
  m_PrefabInternal: {fileID: 100100000}
  m_GameObject: {fileID: 1038934180384876}
  m_LocalRotation: {x: 0.0670639, y: 0.005722495, z: 0.8508242, w: 0.5211218}
  m_LocalPosition: {x: -0.50361633, y: -0.000000023841858, z: 0}
  m_LocalScale: {x: 0.9999977, y: 1.0000024, z: 1.0000002}
  m_Children: []
  m_Father: {fileID: 4246397205052600}
  m_RootOrder: 0
  m_LocalEulerAnglesHint: {x: 0, y: 0, z: 0}
--- !u!4 &4831000491196550
Transform:
  m_ObjectHideFlags: 1
  m_CorrespondingSourceObject: {fileID: 0}
  m_PrefabInternal: {fileID: 100100000}
  m_GameObject: {fileID: 1064946716764832}
  m_LocalRotation: {x: -0.0030681577, y: 0.09230631, z: -0.10741032, w: 0.9899157}
  m_LocalPosition: {x: -0.23851661, y: 0, z: 0}
  m_LocalScale: {x: 1.0000106, y: 1.0000004, z: 0.9999903}
  m_Children: []
  m_Father: {fileID: 4281615559406084}
  m_RootOrder: 0
  m_LocalEulerAnglesHint: {x: 0, y: 0, z: 0}
--- !u!4 &4843435961045400
Transform:
  m_ObjectHideFlags: 1
  m_CorrespondingSourceObject: {fileID: 0}
  m_PrefabInternal: {fileID: 100100000}
  m_GameObject: {fileID: 1002391928376760}
  m_LocalRotation: {x: -3.5527056e-15, y: -3.1271677e-14, z: -2.842171e-14, w: 1}
  m_LocalPosition: {x: -0, y: 0, z: 0}
  m_LocalScale: {x: 1, y: 1, z: 1}
  m_Children:
  - {fileID: 4592591130673432}
  m_Father: {fileID: 4418505083350324}
  m_RootOrder: 0
  m_LocalEulerAnglesHint: {x: 0, y: 0, z: 0}
--- !u!4 &4845721427595628
Transform:
  m_ObjectHideFlags: 1
  m_CorrespondingSourceObject: {fileID: 0}
  m_PrefabInternal: {fileID: 100100000}
  m_GameObject: {fileID: 1677194921312238}
  m_LocalRotation: {x: -0.42744935, y: -0.38164017, z: 0.6277422, w: 0.5268564}
  m_LocalPosition: {x: -0.74, y: 0.07, z: 0.059999}
  m_LocalScale: {x: 0.41652265, y: 0.27988568, z: 1.049101}
  m_Children: []
  m_Father: {fileID: 4281615559406084}
  m_RootOrder: 1
  m_LocalEulerAnglesHint: {x: 1.6470001, y: -69.915, z: 98.836006}
--- !u!4 &4876801152483718
Transform:
  m_ObjectHideFlags: 1
  m_CorrespondingSourceObject: {fileID: 0}
  m_PrefabInternal: {fileID: 100100000}
  m_GameObject: {fileID: 1781677209795040}
  m_LocalRotation: {x: 0.3610966, y: 0.22633216, z: -0.61399275, w: 0.6643764}
  m_LocalPosition: {x: -0.13642101, y: 0.0353055, z: 0.038571984}
  m_LocalScale: {x: 0.9999999, y: 1.0000001, z: 0.99999976}
  m_Children: []
  m_Father: {fileID: 4180498677619192}
  m_RootOrder: 1
  m_LocalEulerAnglesHint: {x: 0, y: 0, z: 0}
--- !u!4 &4877978498606342
Transform:
  m_ObjectHideFlags: 1
  m_CorrespondingSourceObject: {fileID: 0}
  m_PrefabInternal: {fileID: 100100000}
  m_GameObject: {fileID: 1385723751065140}
  m_LocalRotation: {x: 0.01663294, y: -0.004735583, z: 0.5730161, w: 0.8193617}
  m_LocalPosition: {x: -0.5482949, y: -0.0000047683716, z: 0.0000016450882}
  m_LocalScale: {x: 0.9999979, y: 1.0000013, z: 1.0000006}
  m_Children:
  - {fileID: 4246397205052600}
  - {fileID: 4561032164092452}
  m_Father: {fileID: 4323013021026852}
  m_RootOrder: 0
  m_LocalEulerAnglesHint: {x: 0, y: 0, z: 0}
--- !u!4 &4897361922872056
Transform:
  m_ObjectHideFlags: 1
  m_CorrespondingSourceObject: {fileID: 0}
  m_PrefabInternal: {fileID: 100100000}
  m_GameObject: {fileID: 1345994990939784}
  m_LocalRotation: {x: 0.000026941296, y: 0.9981479, z: -0.05350504, w: 0.0289472}
  m_LocalPosition: {x: -0.01, y: 2.54, z: -0}
  m_LocalScale: {x: 1.405772, y: 1.4031299, z: 1.4089419}
  m_Children:
  - {fileID: 224622371927020196}
  m_Father: {fileID: 4683181221284278}
  m_RootOrder: 6
  m_LocalEulerAnglesHint: {x: 60.781002, y: 172.552, z: 267.39}
--- !u!4 &4914088854266078
Transform:
  m_ObjectHideFlags: 1
  m_CorrespondingSourceObject: {fileID: 0}
  m_PrefabInternal: {fileID: 100100000}
  m_GameObject: {fileID: 1385863759023074}
  m_LocalRotation: {x: -0.141502, y: 0.98722965, z: -0.054590214, w: -0.048731793}
  m_LocalPosition: {x: -0.0026055337, y: -0.0048086676, z: -0.1061207}
  m_LocalScale: {x: 0.99999964, y: 1.0000005, z: 0.9999999}
  m_Children:
  - {fileID: 4044465188111774}
  m_Father: {fileID: 4418505083350324}
  m_RootOrder: 2
  m_LocalEulerAnglesHint: {x: 0, y: 0, z: 0}
--- !u!4 &4930170638096270
Transform:
  m_ObjectHideFlags: 1
  m_CorrespondingSourceObject: {fileID: 0}
  m_PrefabInternal: {fileID: 100100000}
  m_GameObject: {fileID: 1783025207378702}
  m_LocalRotation: {x: -0.008822932, y: 0.0018363047, z: -0.6539488, w: 0.7564851}
  m_LocalPosition: {x: -0.24116819, y: 0.000000047683717, z: 0}
  m_LocalScale: {x: 1.0000058, y: 0.99999404, z: 1.0000001}
  m_Children:
  - {fileID: 4793422884852366}
  m_Father: {fileID: 4044465188111774}
  m_RootOrder: 0
  m_LocalEulerAnglesHint: {x: 0, y: 0, z: 0}
--- !u!4 &4947327671809058
Transform:
  m_ObjectHideFlags: 1
  m_CorrespondingSourceObject: {fileID: 0}
  m_PrefabInternal: {fileID: 100100000}
  m_GameObject: {fileID: 1874994835466010}
  m_LocalRotation: {x: 0.28486988, y: 0.69210464, z: 0.28274888, w: 0.59991115}
  m_LocalPosition: {x: -0.23579656, y: 0.14620899, z: 0.06301852}
  m_LocalScale: {x: 0.99999994, y: 0.9999999, z: 1.0000002}
  m_Children:
  - {fileID: 4736252879346682}
  m_Father: {fileID: 4252012981929526}
  m_RootOrder: 0
  m_LocalEulerAnglesHint: {x: 0, y: 0, z: 0}
--- !u!4 &4996777950138108
Transform:
  m_ObjectHideFlags: 1
  m_CorrespondingSourceObject: {fileID: 0}
  m_PrefabInternal: {fileID: 100100000}
  m_GameObject: {fileID: 1868774125621002}
  m_LocalRotation: {x: -0.04099962, y: 0.19015945, z: -0.2208102, w: 0.9557203}
  m_LocalPosition: {x: -0.3156241, y: 0.000000011920929, z: 0}
  m_LocalScale: {x: 1.0000019, y: 1, z: 0.9999982}
  m_Children:
  - {fileID: 4241915936493642}
  - {fileID: 4540119584016222}
  m_Father: {fileID: 4116442942287160}
  m_RootOrder: 0
  m_LocalEulerAnglesHint: {x: 0, y: 0, z: 0}
--- !u!23 &23543230959926742
MeshRenderer:
  m_ObjectHideFlags: 1
  m_CorrespondingSourceObject: {fileID: 0}
  m_PrefabInternal: {fileID: 100100000}
  m_GameObject: {fileID: 1685486043701790}
  m_Enabled: 1
  m_CastShadows: 1
  m_ReceiveShadows: 1
  m_DynamicOccludee: 1
  m_MotionVectors: 1
  m_LightProbeUsage: 1
  m_ReflectionProbeUsage: 1
  m_RenderingLayerMask: 4294967295
  m_Materials:
  - {fileID: 2100000, guid: d7229c1a5e7a1e0408e3dc06a75c38d1, type: 2}
  m_StaticBatchInfo:
    firstSubMesh: 0
    subMeshCount: 0
  m_StaticBatchRoot: {fileID: 0}
  m_ProbeAnchor: {fileID: 0}
  m_LightProbeVolumeOverride: {fileID: 0}
  m_ScaleInLightmap: 1
  m_PreserveUVs: 0
  m_IgnoreNormalsForChartDetection: 0
  m_ImportantGI: 0
  m_StitchLightmapSeams: 0
  m_SelectedEditorRenderState: 3
  m_MinimumChartSize: 4
  m_AutoUVMaxDistance: 0.5
  m_AutoUVMaxAngle: 89
  m_LightmapParameters: {fileID: 0}
  m_SortingLayerID: 0
  m_SortingLayer: 0
  m_SortingOrder: 0
--- !u!33 &33523146149180712
MeshFilter:
  m_ObjectHideFlags: 1
  m_CorrespondingSourceObject: {fileID: 0}
  m_PrefabInternal: {fileID: 100100000}
  m_GameObject: {fileID: 1685486043701790}
  m_Mesh: {fileID: 4300000, guid: 9c679acbf03f97246ab8c5023cb14ab2, type: 3}
--- !u!54 &54284340769604094
Rigidbody:
  m_ObjectHideFlags: 1
  m_CorrespondingSourceObject: {fileID: 0}
  m_PrefabInternal: {fileID: 100100000}
  m_GameObject: {fileID: 1074271629526170}
  serializedVersion: 2
  m_Mass: 50
  m_Drag: 0
  m_AngularDrag: 0.05
  m_UseGravity: 0
  m_IsKinematic: 0
  m_Interpolate: 0
  m_Constraints: 122
  m_CollisionDetection: 1
--- !u!65 &65335910692810110
BoxCollider:
  m_ObjectHideFlags: 1
  m_CorrespondingSourceObject: {fileID: 0}
  m_PrefabInternal: {fileID: 100100000}
  m_GameObject: {fileID: 1885768546158318}
  m_Material: {fileID: 0}
  m_IsTrigger: 0
  m_Enabled: 1
  serializedVersion: 2
  m_Size: {x: 1, y: 1, z: 1}
  m_Center: {x: 0, y: 0, z: 0}
--- !u!65 &65452440203679460
BoxCollider:
  m_ObjectHideFlags: 1
  m_CorrespondingSourceObject: {fileID: 0}
  m_PrefabInternal: {fileID: 100100000}
  m_GameObject: {fileID: 1677194921312238}
  m_Material: {fileID: 0}
  m_IsTrigger: 0
  m_Enabled: 1
  serializedVersion: 2
  m_Size: {x: 1, y: 1, z: 1}
  m_Center: {x: 0, y: 0, z: 0}
--- !u!65 &65763847812638418
BoxCollider:
  m_ObjectHideFlags: 1
  m_CorrespondingSourceObject: {fileID: 0}
  m_PrefabInternal: {fileID: 100100000}
  m_GameObject: {fileID: 1610698619674040}
  m_Material: {fileID: 0}
  m_IsTrigger: 0
  m_Enabled: 1
  serializedVersion: 2
  m_Size: {x: 1, y: 1, z: 1}
  m_Center: {x: 0, y: 0, z: 0}
--- !u!65 &65983532945847516
BoxCollider:
  m_ObjectHideFlags: 1
  m_CorrespondingSourceObject: {fileID: 0}
  m_PrefabInternal: {fileID: 100100000}
  m_GameObject: {fileID: 1250168505219804}
  m_Material: {fileID: 0}
  m_IsTrigger: 0
  m_Enabled: 1
  serializedVersion: 2
  m_Size: {x: 1, y: 1, z: 1}
  m_Center: {x: 0, y: 0, z: 0}
--- !u!95 &95116622089636492
Animator:
  serializedVersion: 3
  m_ObjectHideFlags: 1
  m_CorrespondingSourceObject: {fileID: 0}
  m_PrefabInternal: {fileID: 100100000}
  m_GameObject: {fileID: 1074271629526170}
  m_Enabled: 1
  m_Avatar: {fileID: 9000000, guid: 9c679acbf03f97246ab8c5023cb14ab2, type: 3}
  m_Controller: {fileID: 9100000, guid: 2e8616bd1ee0ee44797515de7ba71695, type: 2}
  m_CullingMode: 1
  m_UpdateMode: 0
  m_ApplyRootMotion: 1
  m_LinearVelocityBlending: 0
  m_WarningMessage: 
  m_HasTransformHierarchy: 1
  m_AllowConstantClipSamplingOptimization: 1
  m_KeepAnimatorControllerStateOnDisable: 0
--- !u!114 &114029233408011922
MonoBehaviour:
  m_ObjectHideFlags: 1
  m_CorrespondingSourceObject: {fileID: 0}
  m_PrefabInternal: {fileID: 100100000}
  m_GameObject: {fileID: 1074271629526170}
  m_Enabled: 1
  m_EditorHideFlags: 0
  m_Script: {fileID: 11500000, guid: 54d76107ccc5bf24b9863c2179f13dba, type: 3}
  m_Name: 
  m_EditorClassIdentifier: 
  OnDead:
    m_PersistentCalls:
      m_Calls: []
    m_TypeName: UnityEngine.Events.UnityEvent, UnityEngine.CoreModule, Version=0.0.0.0,
      Culture=neutral, PublicKeyToken=null
--- !u!114 &114073311642505800
MonoBehaviour:
  m_ObjectHideFlags: 1
  m_CorrespondingSourceObject: {fileID: 0}
  m_PrefabInternal: {fileID: 100100000}
  m_GameObject: {fileID: 1823309448505782}
  m_Enabled: 1
  m_EditorHideFlags: 0
  m_Script: {fileID: -765806418, guid: f5f67c52d1564df4a8936ccd202a3bd8, type: 3}
  m_Name: 
  m_EditorClassIdentifier: 
  m_Material: {fileID: 0}
  m_Color: {r: 0.057758622, g: 0.49264705, b: 0, a: 1}
  m_RaycastTarget: 1
  m_OnCullStateChanged:
    m_PersistentCalls:
      m_Calls: []
    m_TypeName: UnityEngine.UI.MaskableGraphic+CullStateChangedEvent, UnityEngine.UI,
      Version=1.0.0.0, Culture=neutral, PublicKeyToken=null
  m_Sprite: {fileID: 21300000, guid: 2543085bfa25fdf4e83209d086ee24be, type: 3}
  m_Type: 0
  m_PreserveAspect: 0
  m_FillCenter: 1
  m_FillMethod: 0
  m_FillAmount: 1
  m_FillClockwise: 1
  m_FillOrigin: 0
--- !u!114 &114103630626257050
MonoBehaviour:
  m_ObjectHideFlags: 1
  m_CorrespondingSourceObject: {fileID: 0}
  m_PrefabInternal: {fileID: 100100000}
  m_GameObject: {fileID: 1044158005284670}
  m_Enabled: 1
  m_EditorHideFlags: 0
  m_Script: {fileID: 11500000, guid: 42381ed76ee21ea4d8a98326c61ef09d, type: 3}
  m_Name: 
  m_EditorClassIdentifier: 
  passiveToDamage: 0
  tagsToDetect:
  - Player
  obstacleLayer:
    serializedVersion: 2
    m_Bits: 1
  getFromDistance: 0
  targetsInArea:
  - {fileID: 0}
--- !u!114 &114126180628053398
MonoBehaviour:
  m_ObjectHideFlags: 1
  m_CorrespondingSourceObject: {fileID: 0}
  m_PrefabInternal: {fileID: 100100000}
  m_GameObject: {fileID: 1867252906679466}
  m_Enabled: 1
  m_EditorHideFlags: 0
  m_Script: {fileID: -765806418, guid: f5f67c52d1564df4a8936ccd202a3bd8, type: 3}
  m_Name: 
  m_EditorClassIdentifier: 
  m_Material: {fileID: 0}
  m_Color: {r: 1, g: 0.23921569, b: 0.23921569, a: 1}
  m_RaycastTarget: 1
  m_OnCullStateChanged:
    m_PersistentCalls:
      m_Calls: []
    m_TypeName: UnityEngine.UI.MaskableGraphic+CullStateChangedEvent, UnityEngine.UI,
      Version=1.0.0.0, Culture=neutral, PublicKeyToken=null
  m_Sprite: {fileID: 21300000, guid: 2543085bfa25fdf4e83209d086ee24be, type: 3}
  m_Type: 0
  m_PreserveAspect: 0
  m_FillCenter: 1
  m_FillMethod: 0
  m_FillAmount: 1
  m_FillClockwise: 1
  m_FillOrigin: 0
--- !u!114 &114184178583735644
MonoBehaviour:
  m_ObjectHideFlags: 1
  m_CorrespondingSourceObject: {fileID: 0}
  m_PrefabInternal: {fileID: 100100000}
  m_GameObject: {fileID: 1250168505219804}
  m_Enabled: 1
  m_EditorHideFlags: 0
  m_Script: {fileID: 11500000, guid: fb97f58541b05b24ab37661346298ff2, type: 3}
  m_Name: 
  m_EditorClassIdentifier: 
  attackObject: {fileID: 0}
  trigger: {fileID: 65983532945847516}
  damagePercentage: 100
  triggerType: 3
--- !u!114 &114234101036667410
MonoBehaviour:
  m_ObjectHideFlags: 1
  m_CorrespondingSourceObject: {fileID: 0}
  m_PrefabInternal: {fileID: 100100000}
  m_GameObject: {fileID: 1926398917446702}
  m_Enabled: 1
  m_EditorHideFlags: 0
  m_Script: {fileID: -113659843, guid: f5f67c52d1564df4a8936ccd202a3bd8, type: 3}
  m_Name: 
  m_EditorClassIdentifier: 
  m_Navigation:
    m_Mode: 0
    m_SelectOnUp: {fileID: 0}
    m_SelectOnDown: {fileID: 0}
    m_SelectOnLeft: {fileID: 0}
    m_SelectOnRight: {fileID: 0}
  m_Transition: 0
  m_Colors:
    m_NormalColor: {r: 1, g: 1, b: 1, a: 1}
    m_HighlightedColor: {r: 0.9607843, g: 0.9607843, b: 0.9607843, a: 1}
    m_PressedColor: {r: 0.78431374, g: 0.78431374, b: 0.78431374, a: 1}
    m_DisabledColor: {r: 0.78431374, g: 0.78431374, b: 0.78431374, a: 0.5019608}
    m_ColorMultiplier: 1
    m_FadeDuration: 0.1
  m_SpriteState:
    m_HighlightedSprite: {fileID: 0}
    m_PressedSprite: {fileID: 0}
    m_DisabledSprite: {fileID: 0}
  m_AnimationTriggers:
    m_NormalTrigger: Normal
    m_HighlightedTrigger: Highlighted
    m_PressedTrigger: Pressed
    m_DisabledTrigger: Disabled
  m_Interactable: 0
  m_TargetGraphic: {fileID: 0}
  m_FillRect: {fileID: 224394997393198138}
  m_HandleRect: {fileID: 0}
  m_Direction: 0
  m_MinValue: 0
  m_MaxValue: 60
  m_WholeNumbers: 0
  m_Value: 60
  m_OnValueChanged:
    m_PersistentCalls:
      m_Calls: []
    m_TypeName: UnityEngine.UI.Slider+SliderEvent, UnityEngine.UI, Version=1.0.0.0,
      Culture=neutral, PublicKeyToken=null
--- !u!114 &114280729050528672
MonoBehaviour:
  m_ObjectHideFlags: 1
  m_CorrespondingSourceObject: {fileID: 0}
  m_PrefabInternal: {fileID: 100100000}
  m_GameObject: {fileID: 1133036533664266}
  m_Enabled: 1
  m_EditorHideFlags: 0
  m_Script: {fileID: 1301386320, guid: f5f67c52d1564df4a8936ccd202a3bd8, type: 3}
  m_Name: 
  m_EditorClassIdentifier: 
  m_IgnoreReversedGraphics: 1
  m_BlockingObjects: 0
  m_BlockingMask:
    serializedVersion: 2
    m_Bits: 4294967295
--- !u!114 &114289504870613234
MonoBehaviour:
  m_ObjectHideFlags: 1
  m_CorrespondingSourceObject: {fileID: 0}
  m_PrefabInternal: {fileID: 100100000}
  m_GameObject: {fileID: 1677194921312238}
  m_Enabled: 1
  m_EditorHideFlags: 0
  m_Script: {fileID: 11500000, guid: fb97f58541b05b24ab37661346298ff2, type: 3}
  m_Name: 
  m_EditorClassIdentifier: 
  attackObject: {fileID: 0}
  trigger: {fileID: 65452440203679460}
  damagePercentage: 100
  triggerType: 3
--- !u!114 &114409174026939902
MonoBehaviour:
  m_ObjectHideFlags: 1
  m_CorrespondingSourceObject: {fileID: 0}
  m_PrefabInternal: {fileID: 100100000}
  m_GameObject: {fileID: 1610698619674040}
  m_Enabled: 1
  m_EditorHideFlags: 0
  m_Script: {fileID: 11500000, guid: fb97f58541b05b24ab37661346298ff2, type: 3}
  m_Name: 
  m_EditorClassIdentifier: 
  attackObject: {fileID: 0}
  trigger: {fileID: 65763847812638418}
  damagePercentage: 100
  triggerType: 3
--- !u!114 &114411438836093194
MonoBehaviour:
  m_ObjectHideFlags: 1
  m_CorrespondingSourceObject: {fileID: 0}
  m_PrefabInternal: {fileID: 100100000}
  m_GameObject: {fileID: 1385723751065140}
  m_Enabled: 1
  m_EditorHideFlags: 0
  m_Script: {fileID: 11500000, guid: c0befb9e9384ab34d9dfc9d3cabf04b3, type: 3}
  m_Name: 
  m_EditorClassIdentifier: 
  damage:
    damageValue: 0
    staminaBlockCost: 0
    staminaRecoveryDelay: 0
    ignoreDefense: 0
    activeRagdoll: 0
    sender: {fileID: 0}
    receiver: {fileID: 0}
    hitPosition: {x: 0, y: 0, z: 0}
    recoil_id: 0
    reaction_id: 0
    attackName: 
  hitBoxes:
  - {fileID: 114184178583735644}
  damageModifier: 0
  canApplyDamage: 0
  onDamageHit:
    m_PersistentCalls:
      m_Calls: []
    m_TypeName: OnHitEnter, Assembly-CSharp, Version=0.0.0.0, Culture=neutral, PublicKeyToken=null
  onRecoilHit:
    m_PersistentCalls:
      m_Calls: []
    m_TypeName: OnHitEnter, Assembly-CSharp, Version=0.0.0.0, Culture=neutral, PublicKeyToken=null
  onEnableDamage:
    m_PersistentCalls:
      m_Calls: []
    m_TypeName: UnityEngine.Events.UnityEvent, UnityEngine.CoreModule, Version=0.0.0.0,
      Culture=neutral, PublicKeyToken=null
  onDisableDamage:
    m_PersistentCalls:
      m_Calls: []
    m_TypeName: UnityEngine.Events.UnityEvent, UnityEngine.CoreModule, Version=0.0.0.0,
      Culture=neutral, PublicKeyToken=null
  meleeManager: {fileID: 0}
--- !u!114 &114412782504452138
MonoBehaviour:
  m_ObjectHideFlags: 1
  m_CorrespondingSourceObject: {fileID: 0}
  m_PrefabInternal: {fileID: 100100000}
  m_GameObject: {fileID: 1074271629526170}
  m_Enabled: 1
  m_EditorHideFlags: 0
  m_Script: {fileID: 11500000, guid: c11b181c688f7664aba8ba5b38942ac9, type: 3}
  m_Name: 
  m_EditorClassIdentifier: 
  openCloseEvents: 0
  openCloseWindow: 1
  selectedToolbar: 0
  Members:
  - transform: {fileID: 4281615559406084}
    bodyPart: LeftLowerArm
    attackObject: {fileID: 114921242389622160}
    isHuman: 1
  - transform: {fileID: 4996777950138108}
    bodyPart: RightLowerArm
    attackObject: {fileID: 114420633740542966}
    isHuman: 1
  - transform: {fileID: 4877978498606342}
    bodyPart: LeftLowerLeg
    attackObject: {fileID: 114411438836093194}
    isHuman: 1
  - transform: {fileID: 4044465188111774}
    bodyPart: RightLowerLeg
    attackObject: {fileID: 114666474671287446}
    isHuman: 1
  defaultDamage:
    damageValue: 10
    staminaBlockCost: 5
    staminaRecoveryDelay: 1
    ignoreDefense: 0
    activeRagdoll: 0
    sender: {fileID: 0}
    receiver: {fileID: 0}
    hitPosition: {x: 0, y: 0, z: 0}
    recoil_id: 0
    reaction_id: 0
    attackName: 
  hitProperties:
    hitDamageTags:
    - Player
    useRecoil: 1
    drawRecoilGizmos: 0
    recoilRange: 90
    hitRecoilLayer:
      serializedVersion: 2
      m_Bits: 1
  leftWeapon: {fileID: 0}
  rightWeapon: {fileID: 0}
  onDamageHit:
    m_PersistentCalls:
      m_Calls: []
    m_TypeName: vOnHitEvent, Assembly-CSharp, Version=0.0.0.0, Culture=neutral, PublicKeyToken=null
  onRecoilHit:
    m_PersistentCalls:
      m_Calls: []
    m_TypeName: vOnHitEvent, Assembly-CSharp, Version=0.0.0.0, Culture=neutral, PublicKeyToken=null
  defaultAttackDistance: 1
  defaultStaminaCost: 20
  defaultStaminaRecoveryDelay: 1
  defaultDefenseRate: 50
  defaultDefenseRange: 90
--- !u!114 &114420633740542966
MonoBehaviour:
  m_ObjectHideFlags: 1
  m_CorrespondingSourceObject: {fileID: 0}
  m_PrefabInternal: {fileID: 100100000}
  m_GameObject: {fileID: 1868774125621002}
  m_Enabled: 1
  m_EditorHideFlags: 0
  m_Script: {fileID: 11500000, guid: c0befb9e9384ab34d9dfc9d3cabf04b3, type: 3}
  m_Name: 
  m_EditorClassIdentifier: 
  damage:
    damageValue: 0
    staminaBlockCost: 0
    staminaRecoveryDelay: 0
    ignoreDefense: 0
    activeRagdoll: 0
    sender: {fileID: 0}
    receiver: {fileID: 0}
    hitPosition: {x: 0, y: 0, z: 0}
    recoil_id: 0
    reaction_id: 0
    attackName: 
  hitBoxes:
  - {fileID: 114853103047481430}
  damageModifier: 0
  canApplyDamage: 0
  onDamageHit:
    m_PersistentCalls:
      m_Calls: []
    m_TypeName: OnHitEnter, Assembly-CSharp, Version=0.0.0.0, Culture=neutral, PublicKeyToken=null
  onRecoilHit:
    m_PersistentCalls:
      m_Calls: []
    m_TypeName: OnHitEnter, Assembly-CSharp, Version=0.0.0.0, Culture=neutral, PublicKeyToken=null
  onEnableDamage:
    m_PersistentCalls:
      m_Calls: []
    m_TypeName: UnityEngine.Events.UnityEvent, UnityEngine.CoreModule, Version=0.0.0.0,
      Culture=neutral, PublicKeyToken=null
  onDisableDamage:
    m_PersistentCalls:
      m_Calls: []
    m_TypeName: UnityEngine.Events.UnityEvent, UnityEngine.CoreModule, Version=0.0.0.0,
      Culture=neutral, PublicKeyToken=null
  meleeManager: {fileID: 0}
--- !u!114 &114424401616613952
MonoBehaviour:
  m_ObjectHideFlags: 1
  m_CorrespondingSourceObject: {fileID: 0}
  m_PrefabInternal: {fileID: 100100000}
  m_GameObject: {fileID: 1610090051303870}
  m_Enabled: 1
  m_EditorHideFlags: 0
  m_Script: {fileID: -765806418, guid: f5f67c52d1564df4a8936ccd202a3bd8, type: 3}
  m_Name: 
  m_EditorClassIdentifier: 
  m_Material: {fileID: 0}
  m_Color: {r: 1, g: 1, b: 1, a: 1}
  m_RaycastTarget: 1
  m_OnCullStateChanged:
    m_PersistentCalls:
      m_Calls: []
    m_TypeName: UnityEngine.UI.MaskableGraphic+CullStateChangedEvent, UnityEngine.UI,
      Version=1.0.0.0, Culture=neutral, PublicKeyToken=null
  m_Sprite: {fileID: 21300000, guid: 2543085bfa25fdf4e83209d086ee24be, type: 3}
  m_Type: 0
  m_PreserveAspect: 0
  m_FillCenter: 1
  m_FillMethod: 4
  m_FillAmount: 1
  m_FillClockwise: 1
  m_FillOrigin: 0
--- !u!114 &114555516795059882
MonoBehaviour:
  m_ObjectHideFlags: 1
  m_CorrespondingSourceObject: {fileID: 0}
  m_PrefabInternal: {fileID: 100100000}
  m_GameObject: {fileID: 1345994990939784}
  m_Enabled: 1
  m_EditorHideFlags: 0
  m_Script: {fileID: 11500000, guid: 8553221e1fc915c49b36f6e633dffaff, type: 3}
  m_Name: 
  m_EditorClassIdentifier: 
  iChar: {fileID: 114616069632131964}
  healthSlider: {fileID: 114234101036667410}
  damageDelay: {fileID: 114911152887272776}
  smoothDamageDelay: 0.5
  damageCounter: {fileID: 114608586144255416}
  damageCounterTimer: 1.5
--- !u!114 &114608586144255416
MonoBehaviour:
  m_ObjectHideFlags: 1
  m_CorrespondingSourceObject: {fileID: 0}
  m_PrefabInternal: {fileID: 100100000}
  m_GameObject: {fileID: 1742012037300246}
  m_Enabled: 1
  m_EditorHideFlags: 0
  m_Script: {fileID: 708705254, guid: f5f67c52d1564df4a8936ccd202a3bd8, type: 3}
  m_Name: 
  m_EditorClassIdentifier: 
  m_Material: {fileID: 0}
  m_Color: {r: 1, g: 1, b: 1, a: 1}
  m_RaycastTarget: 1
  m_OnCullStateChanged:
    m_PersistentCalls:
      m_Calls: []
    m_TypeName: UnityEngine.UI.MaskableGraphic+CullStateChangedEvent, UnityEngine.UI,
      Version=1.0.0.0, Culture=neutral, PublicKeyToken=null
  m_FontData:
    m_Font: {fileID: 12800000, guid: a8f74dbf0f81e504bbbdf3f6063e1047, type: 3}
    m_FontSize: 82
    m_FontStyle: 0
    m_BestFit: 1
    m_MinSize: 1
    m_MaxSize: 82
    m_Alignment: 0
    m_AlignByGeometry: 0
    m_RichText: 1
    m_HorizontalOverflow: 0
    m_VerticalOverflow: 0
    m_LineSpacing: 1
  m_Text: 
--- !u!114 &114616069632131964
MonoBehaviour:
  m_ObjectHideFlags: 1
  m_CorrespondingSourceObject: {fileID: 0}
  m_PrefabInternal: {fileID: 100100000}
  m_GameObject: {fileID: 1074271629526170}
  m_Enabled: 1
  m_EditorHideFlags: 0
  m_Script: {fileID: 11500000, guid: 4ed68e2fa3a670145a76a285dc78d116, type: 3}
  m_Name: 
  m_EditorClassIdentifier: 
  openCloseEvents: 0
  openCloseWindow: 1
  selectedToolbar: 0
  maxHealth: 400
  healthRecovery: 0
  maxStamina: 400
  staminaRecovery: 1.2
  currentStaminaRecoveryDelay: 0
  healthRecoveryDelay: 0
  currentHealthRecoveryDelay: 0
  currentStamina: 0
  currentHealth: 100
  deathBy: 0
  removeComponentsAfterDie: 0
  onReceiveDamage:
    m_PersistentCalls:
      m_Calls: []
    m_TypeName: TPS.CharacterController.OnReceiveDamage, Assembly-CSharp, Version=0.0.0.0,
      Culture=neutral, PublicKeyToken=null
  onDead:
    m_PersistentCalls:
      m_Calls: []
    m_TypeName: TPS.CharacterController.OnDead, Assembly-CSharp, Version=0.0.0.0,
      Culture=neutral, PublicKeyToken=null
  onActiveRagdoll:
    m_PersistentCalls:
      m_Calls: []
    m_TypeName: TPS.CharacterController.OnActiveRagdoll, Assembly-CSharp, Version=0.0.0.0,
      Culture=neutral, PublicKeyToken=null
  onActionEnter:
    m_PersistentCalls:
      m_Calls: []
    m_TypeName: TPS.CharacterController.OnActionHandle, Assembly-CSharp, Version=0.0.0.0,
      Culture=neutral, PublicKeyToken=null
  onActionStay:
    m_PersistentCalls:
      m_Calls: []
    m_TypeName: TPS.CharacterController.OnActionHandle, Assembly-CSharp, Version=0.0.0.0,
      Culture=neutral, PublicKeyToken=null
  onActionExit:
    m_PersistentCalls:
      m_Calls: []
    m_TypeName: TPS.CharacterController.OnActionHandle, Assembly-CSharp, Version=0.0.0.0,
      Culture=neutral, PublicKeyToken=null
  groundLayer:
    serializedVersion: 2
    m_Bits: 1
  groundCheckDistance: 0.5
  autoCrouchLayer:
    serializedVersion: 2
    m_Bits: 1
  headDetect: 0.95
  patrolSpeed: 0.5
  chaseSpeed: 1
  strafeSpeed: 1
  sphereSensor: {fileID: 0}
  tagsToDetect:
  - Player
  currentState: 1
  drawAgentPath: 0
  displayGizmos: 0
  fieldOfView: 180
  maxDetectDistance: 15
  minDetectDistance: 2
  distanceToLostTarget: 25
  chaseStopDistance: 0.5
  strafeSideways: 0
  strafeBackward: 0
  strafeDistance: 3
  minStrafeSwape: 2
  maxStrafeSwape: 5
  strafeRotationSpeed: 5
  passiveToDamage: 0
  agressiveAtFirstSight: 1
  attackRotationSpeed: 0.5
  firstAttackDelay: 0
  minTimeToAttack: 4
  maxTimeToAttack: 6
  maxAttackCount: 2
  randomAttackCount: 0
  chanceToRoll: 0
  chanceToBlockInStrafe: 0
  chanceToBlockAttack: 0
  raiseShield: 0
  lowerShield: 0
  distanceToChangeWaypoint: 2
  patrollingStopDistance: 0.5
  pathArea: {fileID: 0}
  randomWaypoints: 0
  _capsuleCollider: {fileID: 0}
  healthSlider: {fileID: 0}
  meleeManager: {fileID: 0}
  lockMovement: 0
  isAttacking: 0
  stateRoutineIteration: 0.15
  destinationRoutineIteration: 0.25
  findTargetIteration: 0.25
  smoothSpeed: 5
  onIdle:
    m_PersistentCalls:
      m_Calls: []
    m_TypeName: UnityEngine.Events.UnityEvent, UnityEngine.CoreModule, Version=0.0.0.0,
      Culture=neutral, PublicKeyToken=null
  onChase:
    m_PersistentCalls:
      m_Calls: []
    m_TypeName: UnityEngine.Events.UnityEvent, UnityEngine.CoreModule, Version=0.0.0.0,
      Culture=neutral, PublicKeyToken=null
  onPatrol:
    m_PersistentCalls:
      m_Calls: []
    m_TypeName: UnityEngine.Events.UnityEvent, UnityEngine.CoreModule, Version=0.0.0.0,
      Culture=neutral, PublicKeyToken=null
--- !u!114 &114666474671287446
MonoBehaviour:
  m_ObjectHideFlags: 1
  m_CorrespondingSourceObject: {fileID: 0}
  m_PrefabInternal: {fileID: 100100000}
  m_GameObject: {fileID: 1153996196640862}
  m_Enabled: 1
  m_EditorHideFlags: 0
  m_Script: {fileID: 11500000, guid: c0befb9e9384ab34d9dfc9d3cabf04b3, type: 3}
  m_Name: 
  m_EditorClassIdentifier: 
  damage:
    damageValue: 0
    staminaBlockCost: 0
    staminaRecoveryDelay: 0
    ignoreDefense: 0
    activeRagdoll: 0
    sender: {fileID: 0}
    receiver: {fileID: 0}
    hitPosition: {x: 0, y: 0, z: 0}
    recoil_id: 0
    reaction_id: 0
    attackName: 
  hitBoxes:
  - {fileID: 114409174026939902}
  damageModifier: 0
  canApplyDamage: 0
  onDamageHit:
    m_PersistentCalls:
      m_Calls: []
    m_TypeName: OnHitEnter, Assembly-CSharp, Version=0.0.0.0, Culture=neutral, PublicKeyToken=null
  onRecoilHit:
    m_PersistentCalls:
      m_Calls: []
    m_TypeName: OnHitEnter, Assembly-CSharp, Version=0.0.0.0, Culture=neutral, PublicKeyToken=null
  onEnableDamage:
    m_PersistentCalls:
      m_Calls: []
    m_TypeName: UnityEngine.Events.UnityEvent, UnityEngine.CoreModule, Version=0.0.0.0,
      Culture=neutral, PublicKeyToken=null
  onDisableDamage:
    m_PersistentCalls:
      m_Calls: []
    m_TypeName: UnityEngine.Events.UnityEvent, UnityEngine.CoreModule, Version=0.0.0.0,
      Culture=neutral, PublicKeyToken=null
  meleeManager: {fileID: 0}
--- !u!114 &114734956642372686
MonoBehaviour:
  m_ObjectHideFlags: 1
  m_CorrespondingSourceObject: {fileID: 0}
  m_PrefabInternal: {fileID: 100100000}
  m_GameObject: {fileID: 1074271629526170}
  m_Enabled: 1
  m_EditorHideFlags: 0
  m_Script: {fileID: 11500000, guid: 9d3efef3ad62cd548b0f85eb11858ed1, type: 3}
  m_Name: 
  m_EditorClassIdentifier: 
  openCloseEvents: 0
  openCloseWindow: 1
  selectedToolbar: 0
  defaultHitEffect: {fileID: 120346, guid: b8f2fe1ee1a01724cb72f5b0e6bd2eef, type: 2}
  customHitEffects: []
--- !u!114 &114853103047481430
MonoBehaviour:
  m_ObjectHideFlags: 1
  m_CorrespondingSourceObject: {fileID: 0}
  m_PrefabInternal: {fileID: 100100000}
  m_GameObject: {fileID: 1885768546158318}
  m_Enabled: 1
  m_EditorHideFlags: 0
  m_Script: {fileID: 11500000, guid: fb97f58541b05b24ab37661346298ff2, type: 3}
  m_Name: 
  m_EditorClassIdentifier: 
  attackObject: {fileID: 0}
  trigger: {fileID: 65335910692810110}
  damagePercentage: 100
  triggerType: 3
--- !u!114 &114911152887272776
MonoBehaviour:
  m_ObjectHideFlags: 1
  m_CorrespondingSourceObject: {fileID: 0}
  m_PrefabInternal: {fileID: 100100000}
  m_GameObject: {fileID: 1097181362664564}
  m_Enabled: 1
  m_EditorHideFlags: 0
  m_Script: {fileID: -113659843, guid: f5f67c52d1564df4a8936ccd202a3bd8, type: 3}
  m_Name: 
  m_EditorClassIdentifier: 
  m_Navigation:
    m_Mode: 0
    m_SelectOnUp: {fileID: 0}
    m_SelectOnDown: {fileID: 0}
    m_SelectOnLeft: {fileID: 0}
    m_SelectOnRight: {fileID: 0}
  m_Transition: 0
  m_Colors:
    m_NormalColor: {r: 1, g: 1, b: 1, a: 1}
    m_HighlightedColor: {r: 0.9607843, g: 0.9607843, b: 0.9607843, a: 1}
    m_PressedColor: {r: 0.78431374, g: 0.78431374, b: 0.78431374, a: 1}
    m_DisabledColor: {r: 0.78431374, g: 0.78431374, b: 0.78431374, a: 0.5019608}
    m_ColorMultiplier: 1
    m_FadeDuration: 1
  m_SpriteState:
    m_HighlightedSprite: {fileID: 0}
    m_PressedSprite: {fileID: 0}
    m_DisabledSprite: {fileID: 0}
  m_AnimationTriggers:
    m_NormalTrigger: Normal
    m_HighlightedTrigger: Highlighted
    m_PressedTrigger: Pressed
    m_DisabledTrigger: Disabled
  m_Interactable: 0
  m_TargetGraphic: {fileID: 0}
  m_FillRect: {fileID: 224825843640870766}
  m_HandleRect: {fileID: 0}
  m_Direction: 0
  m_MinValue: 0
  m_MaxValue: 60
  m_WholeNumbers: 0
  m_Value: 60
  m_OnValueChanged:
    m_PersistentCalls:
      m_Calls: []
    m_TypeName: UnityEngine.UI.Slider+SliderEvent, UnityEngine.UI, Version=1.0.0.0,
      Culture=neutral, PublicKeyToken=null
--- !u!114 &114921242389622160
MonoBehaviour:
  m_ObjectHideFlags: 1
  m_CorrespondingSourceObject: {fileID: 0}
  m_PrefabInternal: {fileID: 100100000}
  m_GameObject: {fileID: 1852508831620776}
  m_Enabled: 1
  m_EditorHideFlags: 0
  m_Script: {fileID: 11500000, guid: c0befb9e9384ab34d9dfc9d3cabf04b3, type: 3}
  m_Name: 
  m_EditorClassIdentifier: 
  damage:
    damageValue: 0
    staminaBlockCost: 0
    staminaRecoveryDelay: 0
    ignoreDefense: 0
    activeRagdoll: 0
    sender: {fileID: 0}
    receiver: {fileID: 0}
    hitPosition: {x: 0, y: 0, z: 0}
    recoil_id: 0
    reaction_id: 0
    attackName: 
  hitBoxes:
  - {fileID: 114289504870613234}
  damageModifier: 0
  canApplyDamage: 0
  onDamageHit:
    m_PersistentCalls:
      m_Calls: []
    m_TypeName: OnHitEnter, Assembly-CSharp, Version=0.0.0.0, Culture=neutral, PublicKeyToken=null
  onRecoilHit:
    m_PersistentCalls:
      m_Calls: []
    m_TypeName: OnHitEnter, Assembly-CSharp, Version=0.0.0.0, Culture=neutral, PublicKeyToken=null
  onEnableDamage:
    m_PersistentCalls:
      m_Calls: []
    m_TypeName: UnityEngine.Events.UnityEvent, UnityEngine.CoreModule, Version=0.0.0.0,
      Culture=neutral, PublicKeyToken=null
  onDisableDamage:
    m_PersistentCalls:
      m_Calls: []
    m_TypeName: UnityEngine.Events.UnityEvent, UnityEngine.CoreModule, Version=0.0.0.0,
      Culture=neutral, PublicKeyToken=null
  meleeManager: {fileID: 0}
--- !u!114 &114969586427877082
MonoBehaviour:
  m_ObjectHideFlags: 1
  m_CorrespondingSourceObject: {fileID: 0}
  m_PrefabInternal: {fileID: 100100000}
  m_GameObject: {fileID: 1133036533664266}
  m_Enabled: 1
  m_EditorHideFlags: 0
  m_Script: {fileID: 1980459831, guid: f5f67c52d1564df4a8936ccd202a3bd8, type: 3}
  m_Name: 
  m_EditorClassIdentifier: 
  m_UiScaleMode: 0
  m_ReferencePixelsPerUnit: 100
  m_ScaleFactor: 1
  m_ReferenceResolution: {x: 800, y: 600}
  m_ScreenMatchMode: 0
  m_MatchWidthOrHeight: 0
  m_PhysicalUnit: 3
  m_FallbackScreenDPI: 96
  m_DefaultSpriteDPI: 96
  m_DynamicPixelsPerUnit: 1
--- !u!135 &135105661303382396
SphereCollider:
  m_ObjectHideFlags: 1
  m_CorrespondingSourceObject: {fileID: 0}
  m_PrefabInternal: {fileID: 100100000}
  m_GameObject: {fileID: 1044158005284670}
  m_Material: {fileID: 0}
  m_IsTrigger: 1
  m_Enabled: 1
  serializedVersion: 2
  m_Radius: 15
  m_Center: {x: 0, y: 0, z: 0}
--- !u!136 &136658736226405836
CapsuleCollider:
  m_ObjectHideFlags: 1
  m_CorrespondingSourceObject: {fileID: 0}
  m_PrefabInternal: {fileID: 100100000}
  m_GameObject: {fileID: 1074271629526170}
  m_Material: {fileID: 0}
  m_IsTrigger: 0
  m_Enabled: 1
  m_Radius: 0.512146
  m_Height: 2.2901247
  m_Direction: 1
  m_Center: {x: 0.003923416, y: 1.1500624, z: 0}
--- !u!137 &137187220007318728
SkinnedMeshRenderer:
  m_ObjectHideFlags: 1
  m_CorrespondingSourceObject: {fileID: 0}
  m_PrefabInternal: {fileID: 100100000}
  m_GameObject: {fileID: 1359279527411568}
  m_Enabled: 1
  m_CastShadows: 1
  m_ReceiveShadows: 1
  m_DynamicOccludee: 1
  m_MotionVectors: 1
  m_LightProbeUsage: 1
  m_ReflectionProbeUsage: 1
  m_RenderingLayerMask: 4294967295
  m_Materials:
  - {fileID: 2100000, guid: d7229c1a5e7a1e0408e3dc06a75c38d1, type: 2}
  m_StaticBatchInfo:
    firstSubMesh: 0
    subMeshCount: 0
  m_StaticBatchRoot: {fileID: 0}
  m_ProbeAnchor: {fileID: 0}
  m_LightProbeVolumeOverride: {fileID: 0}
  m_ScaleInLightmap: 1
  m_PreserveUVs: 0
  m_IgnoreNormalsForChartDetection: 0
  m_ImportantGI: 0
  m_StitchLightmapSeams: 0
  m_SelectedEditorRenderState: 0
  m_MinimumChartSize: 4
  m_AutoUVMaxDistance: 0.5
  m_AutoUVMaxAngle: 89
  m_LightmapParameters: {fileID: 0}
  m_SortingLayerID: 0
  m_SortingLayer: 0
  m_SortingOrder: 0
  serializedVersion: 2
  m_Quality: 0
  m_UpdateWhenOffscreen: 0
  m_SkinnedMotionVectors: 1
  m_Mesh: {fileID: 4300002, guid: 9c679acbf03f97246ab8c5023cb14ab2, type: 3}
  m_Bones:
  - {fileID: 4585248115563108}
  - {fileID: 4471998687208592}
  - {fileID: 4180498677619192}
  - {fileID: 4252012981929526}
  - {fileID: 4914088854266078}
  m_BlendShapeWeights: []
  m_RootBone: {fileID: 4252012981929526}
  m_AABB:
    m_Center: {x: -0.40399808, y: 0.14873622, z: -0.00000013411045}
    m_Extent: {x: 0.060136124, y: 0.043338235, z: 0.04029407}
  m_DirtyAABB: 0
--- !u!137 &137941842639090904
SkinnedMeshRenderer:
  m_ObjectHideFlags: 1
  m_CorrespondingSourceObject: {fileID: 0}
  m_PrefabInternal: {fileID: 100100000}
  m_GameObject: {fileID: 1100961277576264}
  m_Enabled: 1
  m_CastShadows: 1
  m_ReceiveShadows: 1
  m_DynamicOccludee: 1
  m_MotionVectors: 1
  m_LightProbeUsage: 1
  m_ReflectionProbeUsage: 1
  m_RenderingLayerMask: 4294967295
  m_Materials:
  - {fileID: 2100000, guid: d7229c1a5e7a1e0408e3dc06a75c38d1, type: 2}
  m_StaticBatchInfo:
    firstSubMesh: 0
    subMeshCount: 0
  m_StaticBatchRoot: {fileID: 0}
  m_ProbeAnchor: {fileID: 0}
  m_LightProbeVolumeOverride: {fileID: 0}
  m_ScaleInLightmap: 1
  m_PreserveUVs: 0
  m_IgnoreNormalsForChartDetection: 0
  m_ImportantGI: 0
  m_StitchLightmapSeams: 0
  m_SelectedEditorRenderState: 0
  m_MinimumChartSize: 4
  m_AutoUVMaxDistance: 0.5
  m_AutoUVMaxAngle: 89
  m_LightmapParameters: {fileID: 0}
  m_SortingLayerID: 0
  m_SortingLayer: 0
  m_SortingOrder: 0
  serializedVersion: 2
  m_Quality: 0
  m_UpdateWhenOffscreen: 0
  m_SkinnedMotionVectors: 1
  m_Mesh: {fileID: 4300004, guid: 9c679acbf03f97246ab8c5023cb14ab2, type: 3}
  m_Bones:
  - {fileID: 4585248115563108}
  - {fileID: 4876801152483718}
  - {fileID: 4180498677619192}
  - {fileID: 4252012981929526}
  - {fileID: 4471998687208592}
  - {fileID: 4551369327246600}
  - {fileID: 4736252879346682}
  - {fileID: 4947327671809058}
  - {fileID: 4379507382924210}
  - {fileID: 4592591130673432}
  - {fileID: 4418505083350324}
  - {fileID: 4323013021026852}
  - {fileID: 4914088854266078}
  - {fileID: 4877978498606342}
  - {fileID: 4246397205052600}
  - {fileID: 4794698770666652}
  - {fileID: 4281615559406084}
  - {fileID: 4831000491196550}
  - {fileID: 4458326604796716}
  - {fileID: 4116442942287160}
  - {fileID: 4044465188111774}
  - {fileID: 4930170638096270}
  - {fileID: 4793422884852366}
  - {fileID: 4996777950138108}
  - {fileID: 4241915936493642}
  m_BlendShapeWeights: []
  m_RootBone: {fileID: 4418505083350324}
  m_AABB:
    m_Center: {x: 0.047499657, y: 0.18435171, z: 0.000004172325}
    m_Extent: {x: 1.1757982, y: 0.45255777, z: 1.782658}
  m_DirtyAABB: 0
--- !u!195 &195876229349487512
NavMeshAgent:
  m_ObjectHideFlags: 1
  m_CorrespondingSourceObject: {fileID: 0}
  m_PrefabInternal: {fileID: 100100000}
  m_GameObject: {fileID: 1074271629526170}
  m_Enabled: 1
  m_AgentTypeID: 0
  m_Radius: 0.4
  m_Speed: 1
  m_Acceleration: 8
  avoidancePriority: 50
  m_AngularSpeed: 300
  m_StoppingDistance: 2
  m_AutoTraverseOffMeshLink: 1
  m_AutoBraking: 0
  m_AutoRepath: 1
  m_Height: 1.8
  m_BaseOffset: 0
  m_WalkableMask: 4294967295
  m_ObstacleAvoidanceType: 4
--- !u!222 &222039502917103938
CanvasRenderer:
  m_ObjectHideFlags: 1
  m_CorrespondingSourceObject: {fileID: 0}
  m_PrefabInternal: {fileID: 100100000}
  m_GameObject: {fileID: 1610090051303870}
  m_CullTransparentMesh: 0
--- !u!222 &222227323697717626
CanvasRenderer:
  m_ObjectHideFlags: 1
  m_CorrespondingSourceObject: {fileID: 0}
  m_PrefabInternal: {fileID: 100100000}
  m_GameObject: {fileID: 1742012037300246}
  m_CullTransparentMesh: 0
--- !u!222 &222849247180817938
CanvasRenderer:
  m_ObjectHideFlags: 1
  m_CorrespondingSourceObject: {fileID: 0}
  m_PrefabInternal: {fileID: 100100000}
  m_GameObject: {fileID: 1823309448505782}
  m_CullTransparentMesh: 0
--- !u!222 &222880468059658212
CanvasRenderer:
  m_ObjectHideFlags: 1
  m_CorrespondingSourceObject: {fileID: 0}
  m_PrefabInternal: {fileID: 100100000}
  m_GameObject: {fileID: 1867252906679466}
  m_CullTransparentMesh: 0
--- !u!223 &223978057490643134
Canvas:
  m_ObjectHideFlags: 1
  m_CorrespondingSourceObject: {fileID: 0}
  m_PrefabInternal: {fileID: 100100000}
  m_GameObject: {fileID: 1133036533664266}
  m_Enabled: 1
  serializedVersion: 3
  m_RenderMode: 2
  m_Camera: {fileID: 0}
  m_PlaneDistance: 100
  m_PixelPerfect: 0
  m_ReceivesEvents: 1
  m_OverrideSorting: 0
  m_OverridePixelPerfect: 0
  m_SortingBucketNormalizedSize: 0
  m_AdditionalShaderChannelsFlag: 25
  m_SortingLayerID: 0
  m_SortingOrder: 0
  m_TargetDisplay: 0
--- !u!224 &224000777929333346
RectTransform:
  m_ObjectHideFlags: 1
  m_CorrespondingSourceObject: {fileID: 0}
  m_PrefabInternal: {fileID: 100100000}
  m_GameObject: {fileID: 1926398917446702}
  m_LocalRotation: {x: 0, y: 0, z: 0, w: 1}
  m_LocalPosition: {x: 0, y: 0, z: -2.0918378e-11}
  m_LocalScale: {x: 0.0059810155, y: 0.0059810146, z: 0.0059810146}
  m_Children:
  - {fileID: 224640579905772438}
  - {fileID: 224401251342608874}
  m_Father: {fileID: 224622371927020196}
  m_RootOrder: 1
  m_LocalEulerAnglesHint: {x: 0, y: 0, z: 0}
  m_AnchorMin: {x: 0, y: 0}
  m_AnchorMax: {x: 1, y: 1}
  m_AnchoredPosition: {x: 0.000016868114, y: -0.06101665}
  m_SizeDelta: {x: 85.785, y: 21.103}
  m_Pivot: {x: 0.5000001, y: 0.50000024}
--- !u!224 &224151885350944648
RectTransform:
  m_ObjectHideFlags: 1
  m_CorrespondingSourceObject: {fileID: 0}
  m_PrefabInternal: {fileID: 100100000}
  m_GameObject: {fileID: 1610090051303870}
  m_LocalRotation: {x: 0, y: 0, z: 0, w: 1}
  m_LocalPosition: {x: 0, y: 0, z: -0}
  m_LocalScale: {x: 1, y: 0.4, z: 1}
  m_Children: []
  m_Father: {fileID: 224878930305593976}
  m_RootOrder: 0
  m_LocalEulerAnglesHint: {x: 0, y: 0, z: 0}
  m_AnchorMin: {x: 0, y: 0.25}
  m_AnchorMax: {x: 1, y: 0.75}
  m_AnchoredPosition: {x: -0.002494812, y: 0}
  m_SizeDelta: {x: 0, y: 0}
  m_Pivot: {x: 0.5, y: 0.5}
--- !u!224 &224394997393198138
RectTransform:
  m_ObjectHideFlags: 1
  m_CorrespondingSourceObject: {fileID: 0}
  m_PrefabInternal: {fileID: 100100000}
  m_GameObject: {fileID: 1867252906679466}
  m_LocalRotation: {x: 0, y: 0, z: 0, w: 1}
  m_LocalPosition: {x: 0, y: 0, z: 0}
  m_LocalScale: {x: 1, y: 0.4, z: 1}
  m_Children: []
  m_Father: {fileID: 224640579905772438}
  m_RootOrder: 0
  m_LocalEulerAnglesHint: {x: 0, y: 0, z: 0}
  m_AnchorMin: {x: 0, y: 0}
  m_AnchorMax: {x: 1, y: 1}
  m_AnchoredPosition: {x: 0, y: 0}
  m_SizeDelta: {x: 0, y: 0}
  m_Pivot: {x: 0.5, y: 0.5}
--- !u!224 &224401251342608874
RectTransform:
  m_ObjectHideFlags: 1
  m_CorrespondingSourceObject: {fileID: 0}
  m_PrefabInternal: {fileID: 100100000}
  m_GameObject: {fileID: 1742012037300246}
  m_LocalRotation: {x: 0, y: 0, z: 0, w: 1}
  m_LocalPosition: {x: 0, y: 0, z: 0}
  m_LocalScale: {x: 0.39745998, y: 0.39746016, z: 0.39746016}
  m_Children: []
  m_Father: {fileID: 224000777929333346}
  m_RootOrder: 1
  m_LocalEulerAnglesHint: {x: 0, y: 0, z: 0}
  m_AnchorMin: {x: 0, y: 1}
  m_AnchorMax: {x: 1, y: 1}
  m_AnchoredPosition: {x: 0, y: 11.999999}
  m_SizeDelta: {x: -0.000045776367, y: 47.7}
  m_Pivot: {x: -0.00000049732625, y: 0.9999995}
--- !u!224 &224471785931295678
RectTransform:
  m_ObjectHideFlags: 1
  m_CorrespondingSourceObject: {fileID: 0}
  m_PrefabInternal: {fileID: 100100000}
  m_GameObject: {fileID: 1975301345838828}
  m_LocalRotation: {x: 0, y: 0, z: 0, w: 1}
  m_LocalPosition: {x: 0, y: 0, z: 0}
  m_LocalScale: {x: 1, y: 1, z: 1}
  m_Children:
  - {fileID: 224825843640870766}
  m_Father: {fileID: 224878930305593976}
  m_RootOrder: 1
  m_LocalEulerAnglesHint: {x: 0, y: 0, z: 0}
  m_AnchorMin: {x: 0, y: 0.25}
  m_AnchorMax: {x: 1, y: 0.75}
  m_AnchoredPosition: {x: 0, y: 0}
  m_SizeDelta: {x: 0, y: 0}
  m_Pivot: {x: 0.5, y: 0.5}
--- !u!224 &224622371927020196
RectTransform:
  m_ObjectHideFlags: 1
  m_CorrespondingSourceObject: {fileID: 0}
  m_PrefabInternal: {fileID: 100100000}
  m_GameObject: {fileID: 1133036533664266}
  m_LocalRotation: {x: 0, y: 1, z: 0, w: -0.00000020861623}
  m_LocalPosition: {x: 0, y: 0, z: 0}
  m_LocalScale: {x: 1, y: 1, z: 1}
  m_Children:
  - {fileID: 224878930305593976}
  - {fileID: 224000777929333346}
  m_Father: {fileID: 4897361922872056}
  m_RootOrder: 0
  m_LocalEulerAnglesHint: {x: 0, y: 0, z: 0}
  m_AnchorMin: {x: 0, y: 0}
  m_AnchorMax: {x: 0, y: 0}
  m_AnchoredPosition: {x: 0, y: 0}
  m_SizeDelta: {x: 1, y: 0.25}
  m_Pivot: {x: 0.5, y: 0.5}
--- !u!224 &224640579905772438
RectTransform:
  m_ObjectHideFlags: 1
  m_CorrespondingSourceObject: {fileID: 0}
  m_PrefabInternal: {fileID: 100100000}
  m_GameObject: {fileID: 1733664824471446}
  m_LocalRotation: {x: 0, y: 0, z: 0, w: 1}
  m_LocalPosition: {x: 0, y: 0, z: 0}
  m_LocalScale: {x: 1, y: 1, z: 1}
  m_Children:
  - {fileID: 224394997393198138}
  m_Father: {fileID: 224000777929333346}
  m_RootOrder: 0
  m_LocalEulerAnglesHint: {x: 0, y: 0, z: 0}
  m_AnchorMin: {x: 0, y: 0.25}
  m_AnchorMax: {x: 1, y: 0.75}
  m_AnchoredPosition: {x: 0, y: 0}
  m_SizeDelta: {x: 0, y: 0}
  m_Pivot: {x: 0.5, y: 0.5}
--- !u!224 &224825843640870766
RectTransform:
  m_ObjectHideFlags: 1
  m_CorrespondingSourceObject: {fileID: 0}
  m_PrefabInternal: {fileID: 100100000}
  m_GameObject: {fileID: 1823309448505782}
  m_LocalRotation: {x: 0, y: 0, z: 0, w: 1}
  m_LocalPosition: {x: 0, y: 0, z: 0}
  m_LocalScale: {x: 1, y: 0.4, z: 1}
  m_Children: []
  m_Father: {fileID: 224471785931295678}
  m_RootOrder: 0
  m_LocalEulerAnglesHint: {x: 0, y: 0, z: 0}
  m_AnchorMin: {x: 0, y: 0}
  m_AnchorMax: {x: 1, y: 1}
  m_AnchoredPosition: {x: 0, y: 0}
  m_SizeDelta: {x: 0, y: 0}
  m_Pivot: {x: 0.5, y: 0.5}
--- !u!224 &224878930305593976
RectTransform:
  m_ObjectHideFlags: 1
  m_CorrespondingSourceObject: {fileID: 0}
  m_PrefabInternal: {fileID: 100100000}
  m_GameObject: {fileID: 1097181362664564}
  m_LocalRotation: {x: 0, y: 0, z: 0, w: 1}
  m_LocalPosition: {x: 0, y: 0, z: -0}
  m_LocalScale: {x: 0.005981017, y: 0.005981014, z: 0.0059810155}
  m_Children:
  - {fileID: 224151885350944648}
  - {fileID: 224471785931295678}
  m_Father: {fileID: 224622371927020196}
  m_RootOrder: 0
  m_LocalEulerAnglesHint: {x: 0, y: 0, z: 0}
  m_AnchorMin: {x: 0, y: 0}
  m_AnchorMax: {x: 1, y: 1}
  m_AnchoredPosition: {x: 0.000030517578, y: -0.061016798}
  m_SizeDelta: {x: 85.785, y: 21.103}
  m_Pivot: {x: 0.5000001, y: 0.50000024}
